@article{Schultz1986,
archivePrefix = {arXiv},
arxivId = {DOI: 10.1002/fld.1},
author = {Schultz, Martin H and Saad, Y},
isbn = {0196-5204},
keywords = {conjugate gradient,descent methods,krylor subspaces,minimal,nonsymmetric systems},
number = {3},
pages = {856--869},
pmid = {188406},
primaryClass = {DOI: 10.1002},
title = {{GMRES: A GENERALIZED MINIMAL RESIDUAL ALGORITHM FOR SOLVING NONSYMMETRIC LINEAR SYSTEMS}},
year = {1986}
}

@article{Wechsler2012a,
author = {Wechsler, K and Breuer, M and Durst, F},
number = {June 1995},
pages = {53--58},
title = {{A parallel multigrid method for the prediction of incompressible flows on workstation clusters}},
volume = {22},
year = {2012}
}

@article{Sezai2017,
author = {Sezai, I},
journal = {Numerical Heat Transfer, Part B: Fundamentals},
number = {1},
pages = {82--107},
title = {{Implementation of boundary conditions in pressure-based finite volume methods on unstructured grids}},
volume = {72},
year = {2017}
}

@article{Nielsen2013,
author = {Nielsen, Eric and Diskin, Boris and White, Jeffery and Nishikawa, Hiroaki and Thomas, James},
isbn = {2011000289},
pages = {1--29},
title = {{Comparison of Node-Centered and Cell-Centered Unstructured Finite-Volume Discretizations Part I: Viscous Fluxes}},
volume = {di},
year = {2013}
}

@article{Wechsler2012a,
author = {Wechsler, K. and Breuer, M. and Durst, F.},
number = {June 1995},
pages = {53--58},
title = {{A parallel multigrid method for the prediction of incompressible flows on workstation clusters}},
volume = {22},
year = {2012}
}

@article{Diskin2012,
author = {Diskin, Boris and Thomas, James L},
doi = {10.2514/1.j051870},
issn = {0001-1452},
journal = {AIAA Journal},
number = {1},
pages = {277},
title = {{Comparison of Node-Centered and Cell-Centered Unstructured Finite-Volume Discretizations: Inviscid Fluxes}},
volume = {51},
year = {2012}
}

@article{Chatwani1991,
author = {Chatwani, Ashok U and Turan, Ali},
issn = {15210626},
journal = {Numerical Heat Transfer, Part B: Fundamentals},
number = {1},
pages = {115--123},
title = {{Technical note: Improved pressure-velocity coupling algorithm based on minimization of global residual norm}},
volume = {20},
year = {1991}
}

@article{Al2007,
author = {S Acharya},
journal = {Journal of Heat Transfer},
keywords = {compressible,finite volume,fluid flow,incompressible,multigrid,numerical methods,pressure-based},
number = {April 2007},
title = {{Pressure-Based Finite-Volume Methods in Computational Fluid Dynamics}},
volume = {129},
year = {2007}
}

@article{Darwish2018,
author = {Darwish, M. and Mangani, L. and Moukalled, F.},
issn = {00457930},
journal = {Computers and Fluids},
number = {2018},
pages = {54--66},
publisher = {Elsevier Ltd},
title = {{Implicit boundary conditions for coupled solvers}},
volume = {168},
year = {2018}
}

@article{Fouchet-Incaux2014,
author = {Fouchet-Incaux, Justine},
journal = {SeMA Journal},
number = {1},
pages = {1--40},
title = {{Artificial boundaries and formulations for the incompressible Navierâ€“Stokes equations: applications to air and blood flows}},
volume = {64},
year = {2014}
}

@article{Xiao2017,
author = {Xiao, Cheng Nian and Denner, Fabian and van Wachem, Berend G.M.},
issn = {10902716},
journal = {Journal of Computational Physics},
pages = {91--130},
publisher = {Elsevier Inc.},
title = {{Fully-coupled pressure-based finite-volume framework for the simulation of fluid flows at all speeds in complex geometries}},
volume = {346},
year = {2017}
}

@article{Senocak2002,
author = {Senocak, Inanc and Shyy, Wei},
doi = {10.1006/jcph.2002.6992},
isbn = {0021-9991},
issn = {00219991},
journal = {Journal of Computational Physics},
number = {2},
pages = {363--383},
title = {{A pressure-based method for turbulent cavitating flow computations}},
volume = {176},
year = {2002}
}

@inproceedings{Ramanujam2016,
author = {Ramanujam, G and {\"{O}}zdemir, H and Hoeijmakers, H W M},
publisher = {AIAA},
title = {{Improving airfoil drag prediction}},
year = {2016}
}

@article{Sani1994,
author = {Sani, R. L. and Gresho, P. M.},
issn = {10970363},
journal = {International Journal for Numerical Methods in Fluids},
number = {10},
pages = {983--1008},
title = {{R{\'{e}}sum{\'{e}} and remarks on the open boundary condition minisymposium}},
volume = {18},
year = {1994}
}

@article{Osterlee1996,
author = {Osterlee, C.W. and Washio, T.},
journal = {Proceedings of Ninth International Conference on Domain Decomposition Methods,},
pages = {pages 441--448},
title = {{On the use of multigrid as a preconditioner}},
year = {1996}
}

@techreport{Barth2018,
author = {Barth, Timothy J},
title = {{Aspects of unstructured grids and finite-volume solvers for the euler and navier-stokes equations}},
year = {2018}
}

@article{Jameson1986,
author = {Jameson, Antony},
number = {October 1985},
pages = {166--201},
title = {{Multigrid algorithms for compressible flow calculations.}},
volume = {1228},
year = {1986}
}

@article{Cubero2007,
author = {Cubero, Ana and Fueyo, Norberto},
file = {:home/akshay/literature/FVM{\_}Incomp/A Compact Momentum Interpolation Procedure for Unsteady Flows and Relaxation.pdf:pdf},
issn = {10407790},
journal = {Numerical Heat Transfer, Part B: Fundamentals},
number = {6},
pages = {471--493},
title = {{A compact momentum interpolation procedure for unsteady flows and relaxation}},
volume = {52},
year = {2007}
}

@inproceedings{Park1984,
author = {Park, C A and Kwak, D},
publisher = {AIAA},
title = {{On the Method of Pseudo Compressibility for Numerically Solving Incompressible Flows.}},
year = {1984}
}

@article{RHIE2008,
author = {RHIE, CHAE M.},
issn = {0001-1452},
journal = {AIAA Journal},
number = {8},
pages = {1017--1018},
title = {{Pressure-based Navier-Stokes solver using the multigrid method}},
volume = {27},
year = {2008}
}

@book{Antoniou1998,
author = {Antoniou, I and Dahl, D S and Madsen., H A},
title = {{Wind tunnel tests of the FFA-W3-241, FFA-W3-301 and NACA 63-430 airfoils}},
year = {1998}
}

@article{Degani1995,
author = {Degani, A T and Fox, G C},
doi = {doi:10.2514/6.1995-1696},
journal = {12th Computational Fluid Dynamics Conference},
pages = {1-30},
title = {{Parallel computation of the unsteady incompressible Navier-Stokes equations using multigrids}},
year = {1995}
}

@article{Veluri2012,
author = {Veluri, Subrahmanya and Roy, Christopher and Choudhary, Aniruddha and Luke, Edward},
doi = {10.2514/6.2009-4141},
number = {June},
pages = {1-13},
title = {{Finite Volume Diffusion Operators for Compressible CFD on Unstructured Grids}},
volume = {Di},
year = {2012}
}

@article{Diskin2012,
author = {Diskin, Boris and Thomas, James L.},
doi = {10.2514/1.j051870},
issn = {0001-1452},
journal = {AIAA Journal},
number = {1},
pages = {277--277},
title = {{Comparison of Node-Centered and Cell-Centered Unstructured Finite-Volume Discretizations: Inviscid Fluxes}},
volume = {51},
year = {2012}
}

@book{Moukalled,
  title={The finite volume method in computational fluid dynamics},
  author={Moukalled, Fadl and Mangani, L and Darwish, Marwan and others},
  volume={113},
  year={2016},
  publisher={Springer}
}

@article{Kolmogorov2015,
author = {Kolmogorov, Dmitry K. and Shen, Wen Z. and S{\o}rensen, Niels N. and S{\o}rensen, Jens N.},
issn = {15210626},
journal = {Numerical Heat Transfer, Part B: Fundamentals},
number = {2},
pages = {101--123},
title = {{Fully consistent SIMPLE-like algorithms on collocated grids}},
volume = {67},
year = {2015}
}

@article{Ghia1982,
author = {Ghia, Ghia and Shin},
journal = {Journal of Computational Physics},
title = {{High-Re solutions for incompressible flow using Navier-Stokes equations and a multigrid method}},
volume = {48},
year = {1982}
}

@incollection{Konig,
author = {Konig, O and Schuluter, J and Fiedler, H E},
booktitle = {Progress in Fluid Flow Research: Turbulence and Applied MHD},
publisher = {AIAA},
title = {{Turbulent Mixing Layer in Adverse Pressure Gradient}}
}
@article{F.H.Harlow1965,
author = {F.H.Harlow and J.E.Welch},
journal = {Physics of FLuids},
number = {12},
title = {{Numerical Calculation of Time-Dependent Viscous Incompressible Flow with Free Surface}},
volume = {8},
year = {1965}
}

@article{WeiShyy2008,
author = {and {Wei Shyy}, Ming-Hsiung Ghen and Sun, Chia-Sheng},
issn = {0001-1452},
journal = {AIAA Journal},
number = {11},
pages = {2660--2669},
title = {{Pressure-based multigrid algorithm for flow at all speeds}},
volume = {30},
year = {2008}
}

@book{Ferziger2002,
author = {Ferziger, Joel H. and Peri{\'{c}}, M and Peric, Milovan},
edition = {Third},
isbn = {3540420746},
issn = {08981221},
pages = {423},
pmid = {12569372},
publisher = {Springer},
title = {{Computational Methods for Fluid Dynamics}},
year = {2002}
}
@inproceedings{Kwak2003,
author = {Kwak, D and Kiris, C},
publisher = {AIAA},
title = {{Success and Challenges in Incompressible Flow Simulation.}},
year = {2003}
}
@article{Majumdar1988,
author = {Majumdar, S.},
isbn = {0149-5720},
issn = {01495720},
journal = {Numerical Heat Transfer},
number = {1},
pages = {125--132},
title = {{Role of underrelaxation in momentum interpolation for calculation of flow with nonstaggered grids}},
volume = {13},
year = {1988}
}
@misc{Briggs1987,
author = {Briggs, William L},
title = {{Multigrid Tutorial}},
year = {1987}
}
@article{comparison1996,
author = {{Tamamidis, Panos and Zhang, Guoqing and Assanis}, Dennis N},
journal = {Journal of Computational Physics},
number = {1},
pages = {1--13},
title = {{Comparison of Pressure-Based and Artificial Compressibility Methods for Solving 3D Steady Incompressible Viscous Flows}},
volume = {124},
year = {1996}
}
@book{Pope2000,
author = {Pope, S B},
publisher = {Cambridge University Press},
title = {{Turbulent Flows}},
year = {2000}
}
@book{H.A.2003,
author = {van der Vorst, Henk A},
booktitle = {Cambridge Monographs on Applied and Computational Mathematics},
isbn = {0-521-81828-1 978-0-521-81828-5 0-511-06134-X 978-0-511-06134-9 0-511-06980-4 978-0-511-06980-2},
title = {{Iterative Krylov Methods for Large Linear Systems}},
volume = {13},
year = {2003}
}
@article{Craske2013,
author = {Craske, John and van Reeuwijk, Maarten},
doi = {10.1016/j.compfluid.2013.06.026},
issn = {00457930},
journal = {Computers and Fluids},
pages = {284--297},
publisher = {Elsevier Ltd},
title = {{Robust and accurate open boundary conditions for incompressible turbulent jets and plumes}},
volume = {86},
year = {2013}
}
@article{Al2007,
author = {S. Acharya et al},
journal = {Journal of Heat Transfer},
keywords = {compressible,finite volume,fluid flow,incompressible,multigrid,numerical methods,pressure-based},
number = {April 2007},
title = {{Pressure-Based Finite-Volume Methods in Computational Fluid Dynamics}},
volume = {129},
year = {2007}
}
@article{Vakilipour2019,
author = {Vakilipour, Shidvash and Mohammadi, Masoud and Badrkhani, Vahid and Ormiston, Scott},
issn = {10970363},
journal = {International Journal for Numerical Methods in Fluids},
number = {1-2},
pages = {43--70},
title = {{Developing a physical influence upwind scheme for pressure-based cell-centered finite volume methods}},
volume = {89},
year = {2019}
}

@article{Diskin2008,
author = {Diskin, Boris and Thomas, James},
isbn = {2009000749},
journal = {NIA report},
number = {2008},
pages = {0--25},
title = {{Accuracy of gradient reconstruction on grids with high aspect ratio}},
year = {2008}
}
@article{Briggs2000,
author = {Briggs, William L and Henson, Van Emden and Mccormick, Steve F},
number = {February 2015},
title = {{A Multigrid Tutorial, 2nd Edition}},
year = {2000}
}
@article{Belov2013,
author = {Belov, Andrey and Martinelli, Luigi and Jameson, Antony and Belov},
doi = {10.2514/6.1997-443},
number = {January},
title = {{Three-dimensional unsteady incompressible flow computations using multigrid}},
year = {2013}
}
@article{Bender1999,
author = {Bender, E E and Anderson, B H and Yagle, P J},
journal = {American Scoiety of Mechanical Engineers},
number = {FEDSM99-6929},
title = {{â€œVortex Generator Modeling for Navierâ€“Stokes codes,}},
year = {1999}
}
@article{Taylor2007,
author = {Smith, Richard John Howard and Blosch, Edwin L. and Shyy, Wei},
isbn = {1040778860},
journal = {Numerical Heat Transfer, Part B: Fundamentals},
number = {4},
pages = {415--429},
title = {{The role of mass conservation in pressure-based algorithms}},
volume = {24},
year = {1993}
}
@article{Schultz1986,
author = {Schultz, Martin H and Saad, Y},
eprint = {fld.1},
isbn = {0196-5204},
number = {3},
pages = {856--869},
pmid = {188406},
title = {{GMRES: A GENERALIZED MINIMAL RESIDUAL ALGORITHM FOR SOLVING NONSYMMETRIC LINEAR SYSTEMS}},
year = {1986}
}
@article{Diskin2007,
author = {Diskin, B and Thomas, J L},
journal = {NIA Report No. 2007-08},
title = {{Accuracy Analysis for Mixed-Element Finite-Volume Discretization Schemes}},
volume = {Di},
year = {2007}
}
@article{Xue2012,
author = {Xue, S. C. and Barton, G. W.},
issn = {00179310},
number = {19-20},
pages = {5233--5243},
publisher = {Elsevier Ltd},
title = {{Implementation of boundary conditions and global mass conservation in pressure-based finite volume method on unstructured grids for fluid flow and heat transfer simulations}},
volume = {55},
year = {2012}
}
@article{Schubauer1960,
author = {Schubauer, G B and Spangenberg, W G},
journal = {Journal of Fluid Mechanics},
number = {1},
publisher = {Cambridge University Press},
title = {{Forced mixing in boundary layers}},
volume = {8},
year = {1960}
}
@article{Bistrian2014,
archivePrefix = {arXiv},
arxivId = {DOI: 10.1002/fld.1},
author = {Bistrian, D.A. and Navon, I.M.},
isbn = {02712091 10970363},
issn = {02712091},
journal = {International Journal for Numerical Methods in Fluids},
number = {00},
pages = {1--25},
pmid = {18628456},
primaryClass = {DOI: 10.1002},
title = {{Comparison of optimized Dynamic Mode Decomposition vs POD for the shallow water equations model reduction with large-time-step observations}},
year = {2014}
}
@article{Choi1999,
author = {Choi, S. K.},
issn = {1040-7782},
journal = {Numerical Heat Transfer Part a-Applications},
number = {August 1998},
pages = {545--550},
title = {{Note on the use of momentum interpolation method for unsteady flows}},
volume = {36},
year = {1999}
}
@article{Zhang2014,
author = {Zhang, Sijun and Zhao, Xiang and Bayyuk, Sami},
issn = {10902716},
journal = {Journal of Computational Physics},
pages = {880--914},
publisher = {Elsevier Inc.},
title = {{Generalized formulations for the rhie-chow interpolation}},
volume = {258},
year = {2014}
}
@inproceedings{JAMESON1991,
author = {JAMESON, ANTONY},
booktitle = {10th Computational Fluid Dynamics Conference},
isbn = {3540201025},
title = {{Time dependent calculations using multigrid, with applications to unsteady flows past airfoils and wings}},
year = {1991}
}
@article{NEXTfoam2017,
author = {NEXTfoam},
number = {May},
title = {{Boundary Conditions - OpenFOAM-4.1}},
year = {2017}
}
@article{Cutler1993a,
author = {Cutler, A D and Bradshaw, P},
journal = {Experiments in Fluids},
title = {{Strong vortex/boundary layer interactions Part I}},
year = {1993}
}
@article{Rhie1983,
author = {Rhie, C M and Chow, W L},
journal = {AIAA Journal},
number = {11},
title = {{Numerical Study of the Turbulent Flow Past an Airfoil with Trailing Edge Separation}},
volume = {21},
year = {1983}
}

@article{Wechsler2012,
author = {Wechsler, K. and Breuer, M. and Durst, F.},
number = {June 1995},
pages = {53--58},
title = {{A parallel multigrid method for the prediction of incompressible flows on workstation clusters}},
volume = {22},
year = {2012}
}

@article{Armaly1983,
author = {Armaly, BF and Durst, F.},
journal = {Journal of Fluid Mechanics},
title = {{Experimental and theoretical investigation of backward-facing step flow}},
volume = {127},
year = {1983}
}
@article{Tao2004,
author = {Tao, W.Q and Qu, Z.G and He, Y.L},
doi = {10.1080/1040779049025485},
isbn = {2000026303},
journal = {Numerical Heat Transfer, Part B: Fundamentals},
number = {1},
pages = {1--17},
title = {{A novel segregated algorithm for incompressible fluid flow and heat transfer problemsâ€”CLEAR (coupled and linked equations algorithm revised) part I: mathematical formulation and solution procedure}},
volume = {45},
year = {2004}
}
@book{Hafeez.2002,
author = {Hafeez., M},
publisher = {World Scientific},
title = {{Numerical Simulations of Incompressible Flows}},
year = {2002}
}
@article{Rogers1991,
author = {Rogers, Stuart E. and Kwak, Donchan},
journal = {Applied Numerical Mathematics},
pages = {43--64},
title = {{An Upwind Differencing Scheme for the Incompressbile Navier-Stokes Equations}},
volume = {8},
year = {1991}
}
@book{Wilcox1994,
author = {Wilcox, D C},
publisher = {DCW Industries, Incorporated},
title = {{Turbulence Modeling for CFD}},
year = {1994}
}
@article{Lien2000,
author = {Lien, Fue Sang},
issn = {02712091},
journal = {International Journal for Numerical Methods in Fluids},
number = {3},
pages = {355--374},
title = {{A pressure-based unstructured grid method for all-speed flows}},
volume = {33},
year = {2000}
}
@book{Fuglsang1998,
author = {Fuglsang, Peter L. and Antoniou, Ioannis and Dahl, K.S. and Madsen, H Aa},
pages = {1--163},
title = {{Wind tunnel tests of the FFA-W3-241, FFA-W3-301 and NACA 63-430 airfoils}},
volume = {1041},
year = {1998}
}
@article{Patankar1972,
author = {Patankar, S. V. and Spalding, D. B.},
isbn = {0017-9310},
issn = {00179310},
journal = {International Journal of Heat and Mass Transfer},
pmid = {12477990},
title = {{A calculation procedure for heat, mass and momentum transfer in three-dimensional parabolic flows}},
year = {1972}
}
@article{Diskin2010,
author = {Diskin, Boris and Thomas, James L.},
doi = {10.1016/j.apnum.2009.12.001},
isbn = {2011001129},
issn = {01689274},
journal = {Applied Numerical Mathematics},
keywords = {Accuracy analysis,Discretization error,Irregular grids,Truncation error},
number = {3},
pages = {224--226},
title = {{Notes on accuracy of finite-volume discretization schemes on irregular grids}},
volume = {60},
year = {2010}
}
@book{Gresho1981,
author = {Gresho, Philip M. and Lee, Robert L.},
booktitle = {Computers and Fluids},
isbn = {0045793018},
issn = {00457930},
number = {2},
pages = {223--253},
title = {{Don't suppress the wiggles-They're telling you something!}},
volume = {9},
year = {1981}
}
@book{Zubair2009,
author = {Zubair, Hisham B I N},
isbn = {9789090243986},
number = {september},
title = {{Efficient Multigrid Methods}},
year = {2009}
}
@article{Nielsen2013,
author = {Nielsen, Eric and Diskin, Boris and White, Jeffery and Nishikawa, Hiroaki and Thomas, James},
isbn = {2011000289},
pages = {1--29},
title = {{Comparison of Node-Centered and Cell-Centered Unstructured Finite-Volume Discretizations Part I: Viscous Fluxes}},
volume = {di},
year = {2013}
}
@article{Alvarado-Rodriguez2017,
author = {Alvarado-Rodr{\'{i}}guez, Carlos E. and Klapp, Jaime and Sigalotti, Leonardo Di G. and Dom{\'{i}}nguez, Jos{\'{e}} M. and de la {Cruz S{\'{a}}nchez}, Eduardo},
issn = {00457930},
journal = {Computers and Fluids},
pages = {177--188},
title = {{Nonreflecting outlet boundary conditions for incompressible flows using SPH}},
volume = {159},
year = {2017}
}
@article{MathurS.R2010,
author = {{Mathur S.R}, Murthy J.Y},
journal = {Numerical Heat Transfer, Part B: Fundamentals: An International Journal of Computation and Methodology},
number = {March 2012},
pages = {37--41},
title = {{Numerical Heat Transfer, Part B: Fundamentals: An International Journal of Computation and Methodology}},
year = {2010}
}
@article{FUNG2008,
author = {FUNG, K.-Y.},
doi = {10.2514/3.7755},
journal = {AIAA Journal},
keywords = {far field boundary conditions,flow rate,navier-stokes equations},
number = {2},
pages = {180--183},
title = {{Far field boundary conditions for unsteady transonic flows}},
volume = {19},
year = {2008}
}
@book{Hoffmann,
author = {Hoffmann, Klaus. A and Chiang, Steve T},
edition = {Fourth},
publisher = {Engineering Education System},
title = {{Computational Fluid Dynamics, Vol I}}
}
@book{Patankar1980,
author = {Patankar, Suhas},
publisher = {CRC Press},
title = {{Numerical Heat Transfer and Fluid Flow}},
year = {1980}
}
@phdthesis{Tom2014,
author = {Economon, Thomas D.},
title = {{Optimal shape design using an unsteady continuous adjoint approach}},
year = {2014},
school = {Stanford University}
}
@book{Lyon2014,
author = {Lyon, H.M.},
booktitle = {Aircraft Engineering and Aerospace Technology},
isbn = {9783662529171},
issn = {0002-2667},
number = {2},
pages = {32--36},
title = {{Boundary Layer Theory}},
volume = {7},
year = {2014}
}

@article{Bartholomew2018,
author = {Bartholomew, Paul and Denner, Fabian and Abdol-Azis, Mohd Hazmil and Marquis, Andrew and van Wachem, Berend G.M.},
issn = {10902716},
journal = {Journal of Computational Physics},
pages = {177--208},
publisher = {Elsevier Inc.},
title = {{Unified formulation of the momentum-weighted interpolation for collocated variable arrangements}},
volume = {375},
year = {2018}
}
@article{Yu2002,
author = {Yu, Bo and Kawaguchi, Yasuo and Tao, Wen Quan and Ozoe, Hiroyuki},
issn = {10407790},
journal = {Numerical Heat Transfer, Part B: Fundamentals},
number = {1},
pages = {85--94},
title = {{Checkerboard pressure predictions due to the underrelaxation factor and time step size for a nonstaggered grid with momentum interpolation method}},
volume = {41},
year = {2002}
}
@article{Shen2012,
author = {Shen, W. Z. and Michelsen, J. A. and S{\o}rensen, J. N.},
issn = {0001-1452},
journal = {AIAA Journal},
number = {12},
pages = {2406--2409},
title = {{Improved Rhie-Chow interpolation for unsteady flow computations}},
volume = {39},
year = {2012}
}
@article{Florentie2017,
author = {Florentie, Liesbeth and van Zuijlen, Alexander H. and Hulshoff, Steven J. and Bijl, Hester},
doi = {10.2514/1.J055268},
issn = {0001-1452},
journal = {AIAA Journal},
number = {4},
pages = {1373--1384},
title = {{Effectiveness of Side Force Models for Flow Simulations Downstream of Vortex Generators}},
volume = {55},
year = {2017}
}
@book{Strang2007,
author = {Strang, Gilbert},
isbn = {9780961408817},
title = {{Computational Science and Engineering}},
year = {2007}
}


@article{Liu2009,
author = {Liu, Jie},
issn = {00219991},
journal = {Journal of Computational Physics},
number = {19},
pages = {7250--7267},
publisher = {Elsevier Inc.},
title = {{Open and traction boundary conditions for the incompressible Navier-Stokes equations}},
volume = {228},
year = {2009}
}
@article{Minev1998,
author = {Minev, P. D. and Gresho, P. M.},
journal = {Communications in Numerical Methods in Engineering},
number = {4},
pages = {335--346},
title = {{A remark on pressure correction schemes for transient viscous incompressible flow}},
volume = {14},
year = {1998}
}
@article{Shyy1993,
author = {Shyy, Wei and Sun, Chia Sheng},
issn = {00457930},
journal = {Computers and Fluids},
number = {1},
pages = {51--76},
title = {{Development of a pressure-correction/ staggered-grid based multigrid solver for incompressible recirculating flows}},
volume = {22},
year = {1993}
}
@article{Shyy1994,
author = {Shyy, Wei},
isbn = {0120200244},
journal = {Advances in Heat Transfer},
number = {C},
pages = {191--275},
title = {{Elements of Pressure-Based Computational Algorithms}},
volume = {24},
year = {1994}
}
@article{Chatwani1991,
author = {Chatwani, Ashok U. and Turan, Ali},
issn = {15210626},
journal = {Numerical Heat Transfer, Part B: Fundamentals},
number = {1},
pages = {115--123},
title = {{Technical note: Improved pressure-velocity coupling algorithm based on minimization of global residual norm}},
volume = {20},
year = {1991}
}
@inproceedings{Fernandez2012,
author = {Fernandez, U and Velte, C M and Rethore, P-E. and S{\o}rensen, N N},
publisher = {The science of making torque from wind},
title = {{Self similarity and helical symmetry in vortex generator flow simulations}},
year = {2012}
}
@misc{Naughton,
author = {Naughton, Michael John},
file = {:home/akshay/literature/FVM{\_}Incomp/Naughton{\_}mj{\_}1986.pdf:pdf},
title = {{On numerical boundary conditions for the Navier-Stokes equations}}
}
@article{Xiao2018,
author = {Xiao, Hui and Wang, Junbo and Liu, Zhichun and Liu, Wei},
issn = {00179310},
journal = {International Journal of Heat and Mass Transfer},
pages = {1255--1265},
publisher = {Elsevier Ltd},
title = {{A consistent SIMPLE algorithm with extra explicit prediction â€” SIMPLEPC}},
volume = {120},
year = {2018}
}
@article{SU22013,
author = {Duraisamy, Karthikeyan and Copeland, Sean and Economon, Thomas and Colonno, Michael and Aranake, Aniket and Taylor, Thomas and Lukaczyk, Trent and Palacios, Francisco and Lonkar, Amrita and Hicken, Jason and Alonso, Juan and Campos, Alejandro},
isbn = {978-1-62410-181-6},
number = {January},
pages = {1--60},
title = {{Stanford University Unstructured ({S}{U}2): An open-source integrated computational environment for multi-physics simulation and design}},
year = {2013}
}
@article{Diskin2014,
author = {Diskin, Boris and Thomas, James},
file = {:home/akshay/literature/FVM{\_}Incomp/Effects of mesh regularity on accuracy of finite-volume schemes.pdf:pdf},
number = {January},
pages = {1--20},
title = {{Effects of mesh regularity on accuracy of finite-volume schemes}},
year = {2014}
}

@inproceedings{FPalacios.MRColonoetal2013,
author = {{F Palacios. M R Colono et al}},
publisher = {AIAA},
title = {{Stanford University Unstructured ({S}{U}2): An open-source integrated computational environment for multi-physics simulation and design.}},
year = {2013}
}
@article{Murthy2002,
author = {Murthy, J. Y. and Mathur, S.},
issn = {02712091},
journal = {International Journal for Numerical Methods in Fluids},
number = {6},
pages = {659--677},
title = {{Periodic flow and heat transfer using unstructured meshes}},
volume = {25},
year = {2002}
}
@article{Saad2003,
archivePrefix = {arXiv},
arxivId = {0806.3802},
author = {Saad, Youcef},
journal = {Philadelphia, Pennsylvania: SIAM},
pages = {421--426},
pmid = {15237199},
title = {{Iterative Methods for Sparse Linear Systems Second Edition Yousef Saad}},
year = {2003}
}
@article{Barton1998,
author = {Barton, I. E.},
issn = {02712091},
journal = {International Journal for Numerical Methods in Fluids},
number = {4},
pages = {459--483},
title = {{Comparison of simple- and piso-type algorithms for transient flows}},
volume = {26},
year = {1998}
}
@article{Thomas2008,
author = {Thomas, J. L. and Diskin, B. and Rumsey, C. L.},
issn = {0001-1452},
journal = {AIAA Journal},
number = {12},
pages = {3070--3079},
title = {{Towards Verification of Unstructured-Grid Solvers}},
volume = {46},
year = {2008}
}
@article{Lai1997,
author = {Lai, Yong G.},
issn = {15210626},
journal = {Numerical Heat Transfer, Part B: Fundamentals},
number = {3},
pages = {267--281},
title = {{An unstructured grid method for a pressure-based flow and heat transfer solver}},
volume = {32},
year = {1997}
}

@inbook{SU22014,
author = {Francisco Palacios and Thomas D. Economon and Aniket Aranake and Sean R. Copeland and Amrita K. Lonkar and Trent W. Lukaczyk and David E. Manosalvas and Kedar R. Naik and Santiago Padron and Brendan Tracey and Anil Variyar and Juan J. Alonso},
title = {Stanford University Unstructured ({S}{U}2): Analysis and Design Technology for Turbulent Flows},
booktitle = {52nd Aerospace Sciences Meeting},
year = {2014}
}
@article{PBMGShyy1996,
author = {{Siddharth Thakur , Jeffrey Wright , Wei Shyy , Jian Liu}, Hong Ouyang and Thi Vu},
pages = {313--375},
title = {{DEVELOPMENT OF PRESSURE-BASED COMPOSITE MULTIGRID METHODS FOR COMPLEX FLUID FLOWS}},
volume = {32},
year = {1996}
}
@article{Mathur1997,
author = {Mathur, S. R. and Murthy, J. Y.},
isbn = {1040-7790},
issn = {15210626},
journal = {Numerical Heat Transfer, Part B: Fundamentals},
number = {2},
pages = {195--215},
title = {{A pressure-based method for unstructured meshes}},
volume = {31},
year = {1997}
}

@inproceedings{ozdemir2017unsteady,
  title={Unsteady Interacting Boundary Layer Method},
  author={{\"O}zdemir, H{\"u}seyin and van Garrel, Arne and Koodly Ravishankara, Akshay and Passalacqua, Federico and Seubers, Henk},
  booktitle={35th Wind Energy Symposium},
  pages={2003},
  year={2017}
}

@incollection{drela1989xfoil,
  title={XFOIL: An analysis and design system for low Reynolds number airfoils},
  author={Drela, Mark},
  booktitle={Low Reynolds number aerodynamics},
  pages={1--12},
  year={1989},
  publisher={Springer}
}

@book{katz_plotkin_2001, 
place={Cambridge}, 
edition={2}, 
series={Cambridge Aerospace Series}, 
title={Low-Speed Aerodynamics}, 
publisher={Cambridge University Press}, 
author={Katz, Joseph and Plotkin, Allen}, 
year={2001}, 
collection={Cambridge Aerospace Series}
}

@inbook{windenergyexp,
author = {Manwell, James and Mcgowan, Jon and L Rogers, A},
year = {2006},
month = {03},
pages = {},
title = {Wind Energy Explained: Theory, Design and Application, Second Edition},
volume = {30},
journal = {Wind Engineering},
}

@incollection{BLAZEK,
title = "Chapter 5 - {U}nstructured Finite Volume Schemes",
editor = "J. Blazek",
booktitle = "Computational Fluid Dynamics: Principles and Applications (Second Edition)",
publisher = "Elsevier Science",
edition = "Second Edition",
address = "Oxford",
pages = "131 - 182",
year = "2005",
author = "J. Blazek"
}


@article{barth1992aspects,
title={Aspects of unstructured grids and finite-volume solvers for the Euler and Navier-Stokes equations},
author={Barth, Timothy J},
journal={In AGARD},
year={1992}
}


@article{pisoref,
author = { Ruey-Hor   Yen  and  Chen-Hua   Liu },
title = {Enhancement of the SIMPLE algorithm by an additional explicit corrector step},
journal = {Numerical Heat Transfer, Part B: Fundamentals},
volume = {24},
number = {1},
pages = {127-141},
year  = {1993},
publisher = {Taylor & Francis},
}

@misc{rfoil_orig,
title = {Modification of the boundary layer calculation in RFOIL for improved airfoil stall prediction},
author = {Van Rooij, R.P.J.O.M.},
place = {Netherlands},
year = {1996},
month = {Sep}
}

@article{gartling4,
author = {Gartling, David K.},
title = {A test problem for outflow boundary conditionsâ€”flow over a backward-facing step},
journal = {International Journal for Numerical Methods in Fluids},
volume = {11},
number = {7},
pages = {953-967},
doi = {10.1002/fld.1650110704},
year = {1990}
}

@inproceedings{spalart1992one,
  title={A one-equation turbulence model for aerodynamic flows},
  author={Spalart, Philippe and Allmaras, Steven},
  booktitle={30th aerospace sciences meeting and exhibit},
  pages={439},
  year={1992}
}

@inproceedings{spalart2000trends,
  title={Trends in turbulence treatments},
  author={Spalart, Philippe},
  booktitle={Fluids 2000 Conference and Exhibit},
  pages={2306}
}

@book{wilcox1998turbulence,
  title={Turbulence modeling for CFD},
  author={Wilcox, David C and others},
  volume={2},
  year={1998},
  publisher={DCW industries La Canada, CA}
}

@article{wilcox2006turbulence,
  title={Turbulence modeling for CFD. La Canada, CA: DCW Industries},
  author={Wilcox, David C},
  journal={Inc, November},
  year={2006}
}

@article{menter1994two,
  title={Two-equation eddy-viscosity turbulence models for engineering applications},
  author={Menter, Florian R},
  journal={AIAA journal},
  volume={32},
  number={8},
  pages={1598--1605},
  year={1994}
}

@misc{NASATMR,
  author = {Rumsey, C.},
  title = {NASA Turbulence Modeling Resource},
  howpublished = {\url{https://turbmodels.larc.nasa.gov/index.html}},
  year = {2019}
}

@article{wilcox2008komega,
  title={Formulation of the kw turbulence model revisited},
  author={Wilcox, David C},
  journal={AIAA journal},
  volume={46},
  number={11},
  pages={2823--2838},
  year={2008}
}

@article{wilcox1988komega,
  title={Reassessment of the scale-determining equation for advanced turbulence models},
  author={Wilcox, David C},
  journal={AIAA journal},
  volume={26},
  number={11},
  pages={1299--1310},
  year={1988}
}

@article{jones1972kepsilon,
  title={The prediction of laminarization with a two-equation model of turbulence},
  author={Jones, WP and Launder, Brian Edward},
  journal={International journal of heat and mass transfer},
  volume={15},
  number={2},
  pages={301--314},
  year={1972},
  publisher={Elsevier}
}

@article{launder1974kepsilon,
  title={Application of the energy-dissipation model of turbulence to the calculation of flow near a spinning disc},
  author={Launder, Brian Edward and Sharma, Bahrat I},
  journal={Letters in heat and mass transfer},
  volume={1},
  number={2},
  pages={131--137},
  year={1974},
  publisher={Pergamon}
}