@article{Ghia1982,
author = {Ghia, Ghia and Shin},
journal = {Journal of Computational Physics},
title = {{High-Re solutions for incompressible flow using Navier-Stokes equations and a multigrid method}},
volume = {48},
year = {1982}
}

@book{Ferziger2002,
author = {Ferziger, Joel H. and Peri{\'{c}}, M and Peric, Milovan},
booktitle = {Vasa},
doi = {10.1016/S0898-1221(03)90046-0},
edition = {Third},
isbn = {3540420746},
issn = {08981221},
pages = {423},
pmid = {12569372},
publisher = {Springer},
title = {{Computational Methods for Fluid Dynamics}},
year = {2002}
}


@book{katz_plotkin_2001, 
place={Cambridge}, 
edition={2}, 
series={Cambridge Aerospace Series}, 
title={Low-Speed Aerodynamics}, 
DOI={10.1017/CBO9780511810329}, 
publisher={Cambridge University Press}, 
author={Katz, Joseph and Plotkin, Allen}, 
year={2001}, 
collection={Cambridge Aerospace Series}
}

@incollection{BLAZEK,
title = "Chapter 5 - Unstructured Finite Volume Schemes",
editor = "J. Blazek",
booktitle = "Computational Fluid Dynamics: Principles and Applications (Second Edition)",
publisher = "Elsevier Science",
edition = "Second Edition",
address = "Oxford",
pages = "131 - 182",
year = "2005",
author = "J. Blazek"
}


@article{gartling4,
author = {Gartling, David K.},
title = {A test problem for outflow boundary conditions—flow over a backward-facing step},
journal = {International Journal for Numerical Methods in Fluids},
volume = {11},
number = {7},
pages = {953-967},
keywords = {Finite element, Navier–Stokes, Outflow boundary conditions, Backward-facing step},
doi = {10.1002/fld.1650110704},
year = {1990}
}

@misc{NASATMR,
  author = {Rumsey, C.},
  title = {NASA Turbulence Modeling Resource},
  howpublished = {\url{https://turbmodels.larc.nasa.gov/index.html}},
  year = {2019}
}

@article{cylinderref,
title = "A reference solution of the flow over a circular cylinder at {R}e=40",
journal = "Computers \& Fluids",
volume = "75",
pages = "103 - 111",
year = "2013",
issn = "0045-7930",
doi = "https://doi.org/10.1016/j.compfluid.2012.12.017",
author = "Gautier, R. and Biau, D. and Lamballais, E."
}

@techreport{ladson1988effects,
author = {Ladson, C. L.},
title = {Effects of independent variation of Mach and Reynolds numbers on the low-speed aerodynamic characteristics of the NACA 0012 airfoil section},
type = {Technical Report},
institution = {NASA},
year = {1988},
number = {NASA-TM-4074}
}

@article{driver1985features,
  title={Features of a reattaching turbulent shear layer in divergent channelflow},
  author={Driver, David M and Seegmiller, H Lee},
  journal={AIAA journal},
  volume={23},
  number={2},
  pages={163--171},
  year={1985}
}

@article{taylor1923viii,
author = {Taylor, Geoffrey Ingram },
title = {{S}tability of a viscous liquid contained between two rotating cylinders},
journal = {Philosophical Transactions of the Royal Society of London. Series A, Containing Papers of a Mathematical or Physical Character},
volume = {223},
number = {605-615},
pages = {289-343},
year = {1923}
}


@book{Pope2000,
author = {Pope, S B},
publisher = {Cambridge University Press},
title = {{Turbulent Flows}},
year = {2000}
}

@book{schlichting2016boundary,
  title={Boundary-layer theory},
  author={Schlichting, Hermann and Gersten, Klaus},
  year={2016},
  publisher={Springer}
}

@article{kelkar1992numerical,
  title={Numerical prediction of vortex shedding behind a square cylinder},
  author={Kelkar, Kanchan M and Patankar, Suhas V},
  journal={International Journal for Numerical Methods in Fluids},
  volume={14},
  number={3},
  pages={327--341},
  year={1992},
  publisher={Wiley Online Library}
}

@techreport{mcalister1978dynamic,
title={Dynamic stall experiments on the NACA 0012 airfoil},
author={McAlister, Kenneth W and Carr, Lawrence W and McCroskey, William J},
year={1978},
number = {TP 1100},
institution = {NASA}
}

@article{kim2016modelling,
  title={Modelling the effect of freestream turbulence on dynamic stall of wind turbine blades},
  author={Kim, Yusik and Xie, Zheng-Tong},
  journal={Computers \& Fluids},
  volume={129},
  pages={53--66},
  year={2016},
  publisher={Elsevier}
}

@article{wang2010numerical,
  title={Numerical investigations on dynamic stall of low Reynolds number flow around oscillating airfoils},
  author={Wang, Shengyi and Ingham, Derek B and Ma, Lin and Pourkashanian, Mohamed and Tao, Zhi},
  journal={Computers \& fluids},
  volume={39},
  number={9},
  pages={1529--1541},
  year={2010},
  publisher={Elsevier}
}

@article{martinat2008turbulence,
  title={Turbulence modelling of the flow past a pitching NACA0012 airfoil at 105 and 106 Reynolds numbers},
  author={Martinat, Guillaume and Braza, Marianna and Hoarau, Yannick and Harran, Gilles},
  journal={Journal of Fluids and Structures},
  volume={24},
  number={8},
  pages={1294--1303},
  year={2008},
  publisher={Elsevier}
}

@article{Speziale1982, 
title={Numerical study of viscous flow in rotating rectangular ducts}, volume={122}, 
journal={Journal of Fluid Mechanics}, 
publisher={Cambridge University Press}, 
author={Speziale, Charles G.}, 
year={1982}, 
pages={251–271}
}

@article{richardsonext,
author = {Richardson, Lewis Fry  and Glazebrook, Richard Tetley },
title = {The approximate arithmetical solution by finite differences of physical problems involving differential equations, with an application to the stresses in a masonry dam},
journal = {Philosophical Transactions of the Royal Society of London. Series A, Containing Papers of a Mathematical or Physical Character},
volume = {210},
number = {459-470},
pages = {307-357},
year = {1911}
}
