saingier2016front@book{allen1989computer,
  title={Computer simulation of liquids},
  author={Allen, M. P. and Tildesley, D. J.},
  year={1989},
  publisher={Oxford university press}
}

@article{aranson2006patterns,
  title={Patterns and collective behavior in granular media: Theoretical concepts},
  author={Aranson, Igor S and Tsimring, Lev S},
  journal={Reviews of modern physics},
  volume={78},
  number={2},
  pages={641},
  year={2006},
  publisher={APS}
}

@article{babic1997average,
  title={Average balance equations for granular materials},
  author={Babic, M.},
  journal={International journal of engineering science},
  volume={35},
  number={5},
  pages={523--548},
  year={1997},
  publisher={Elsevier}
}

@inproceedings{bagnold1954experiments,
  title={{Experiments on a gravity-free dispersion of large solid spheres in a Newtonian fluid under shear}},
  author={Bagnold, R. A.},
  booktitle={Proceedings of the Royal Society of London A: Mathematical, Physical and Engineering Sciences},
  volume={225},
  number={1160},
  pages={49--63},
  year={1954},
  organization={The Royal Society}
}

@article{baker2016segregation,
  title={Segregation-induced finger formation in granular free-surface flows},
  author={Baker, J. L.  and Johnson, C. G. and Gray, J. M. N. T.},
  journal={Journal of Fluid Mechanics},
  volume={809},
  pages={168--212},
  year={2016},
  publisher={Cambridge University Press}
}

@article{barker2015well,
  title={Well-posed and ill-posed behaviour of the-rheology for granular flow},
  author={Barker, T. and Schaeffer, D. G.  and Bohorquez, P.  and Gray, J. M. N. T.},
  journal={Journal of Fluid Mechanics},
  volume={779},
  pages={794--818},
  year={2015},
  publisher={Cambridge Univ Press}
}

@article{berzi2009steady, 
  title={Steady inclined flows of granular-fluid mixtures}, 
  volume={641}, 
  DOI={10.1017/S0022112009991510}, 
  journal={Journal of Fluid Mechanics}, 
  publisher={Cambridge University Press}, 
  author={Berzi, D. and Jenkins, J. T.}, 
  year={2009}, 
  pages={359–387}
}

@incollection{bokhove2012shallow,
  title={Shallow granular flows},
  author={Bokhove, O. and Thornton, A. R.},
  editor={Fernando, H.J.},
  booktitle={Handbook of Environmental Fluid Dynamics},
  year={2012},
  publisher={CRC Press}
}

@article{bouchut2016two,
  title={A two-phase two-layer model for fluidized granular flows with dilatancy effects},
  author={Bouchut, F. and Fern{\'a}ndez-Nieto, E. D. and Mangeney, A. and Narbona-Reina, G.},
  journal={Journal of Fluid Mechanics},
  volume={801},
  pages={166--221},
  year={2016},
  publisher={Cambridge University Press}
}

@article{bridgwater1985particle,
  title={Particle mixing and segregation in failure zones—theory and experiment},
  author={Bridgwater, J. and Foo, W. S. and Stephens, D. J.},
  journal={Powder technology},
  volume={41},
  number={2},
  pages={147--158},
  year={1985},
  publisher={Elsevier}
}

@phdthesis{bristeau2001boundary,
  title={Boundary conditions for the shallow water equations solved by kinetic schemes},
  author={Bristeau, M. O. and Coussin, B.},
  year={2001},
  school={INRIA}
}

@article{brodu2013shallow,
  title={Shallow granular flows down flat frictional channels: Steady flows and longitudinal vortices},
  author={Brodu, N. and Richard, P. and Delannay, R.},
  journal={Physical Review E},
  volume={87},
  number={2},
  pages={022202},
  year={2013},
  publisher={APS}
}


@article{bunya2009wetting,
  title={{A wetting and drying treatment for the Runge--Kutta discontinuous Galerkin solution to the shallow water equations}},
  author={Bunya, S. and Kubatko, E. J. and Westerink, J. J. and Dawson, C.},
  journal={Computer Methods in Applied Mechanics and Engineering},
  volume={198},
  number={17},
  pages={1548--1562},
  year={2009},
  publisher={Elsevier}
}

@article{campbell1995large,
  title={Large-scale landslide simulations: Global deformation, velocities and basal friction},
  author={Campbell, C. S. and Cleary, P. W. and Hopkins, M.},
  journal={Journal of Geophysical Research: Solid Earth},
  volume={100},
  number={B5},
  pages={8267--8283},
  year={1995},
  publisher={Wiley Online Library}
}

@article{cockburn1989tvb,
  title={{TVB Runge-Kutta local projection discontinuous Galerkin finite element method for conservation laws. II. General framework}},
  author={Cockburn, B. and Shu, C. W.},
  journal={Mathematics of computation},
  volume={52},
  number={186},
  pages={411--435},
  year={1989}
}

@article{cundall1979discrete,
  title={A discrete numerical model for granular assemblies},
  author={Cundall, P. A. and Strack, O. D. L.},
  journal={Geotechnique},
  volume={29},
  number={1},
  pages={47--65},
  year={1979}
}

@article{dalbey2008input,
  title={Input uncertainty propagation methods and hazard mapping of geophysical mass flows},
  author={Dalbey, K. and Patra, A. K. and Pitman, E. B. and Bursik, M. I. and Sheridan, M. F.},
  journal={Journal of Geophysical Research: Solid Earth},
  volume={113},
  number={B5},
  year={2008},
  publisher={Wiley Online Library}
}

@article{davies1990debris,
  title={Debris-flow surges -- experimental simulation},
  author={Davies, T. R. H.},
  journal={Journal of Hydrology (New Zealand)},
  pages={18--46},
  year={1990},
  publisher={JSTOR}
}

@article{delannay2017granular,
  title={Granular and particle-laden flows: from laboratory experiments to field observations},
  author={Delannay, R. and Valance, A. and Mangeney, A. and Roche, O. and Richard, P.},
  journal={Journal of Physics D: Applied Physics},
  volume={50},
  number={5},
  pages={053001},
  year={2017},
  publisher={IOP Publishing}
}

@article{denissen2017velocity,
	title={Velocity profiles of shallow bidisperse granular chute flows},
	author={Denissen, I.F.C. and  Weinhart, T. and Thornton, A. R. and Luding, S.},
	journal={In preparation},
	year={2017}
}


@article{dolgunin1995segregation,
  title={Segregation modeling of particle rapid gravity flow},
  author={Dolgunin, V. N. and Ukolov, A. A.},
  journal={Powder Technology},
  volume={83},
  number={2},
  pages={95--103},
  year={1995},
  publisher={Elsevier}
}

@incollection{dunning2011grain,
  title={The grain-size distribution of rock-avalanche deposits: implications for natural dam stability},
  author={Dunning, S. A. and Armitage, P. J.},
  booktitle={Natural and artificial rockslide dams},
  pages={479--498},
  year={2011},
  publisher={Springer}
}

@book{duran2012sands,
  title={Sands, powders, and grains: an introduction to the physics of granular materials},
  author={Duran, Jacques},
  year={2012},
  publisher={Springer Science \& Business Media}
}

@article{edwards2016size,
  title={Size segregation in a granular bore},
  author={Edwards, A. N. and Vriend, N. M.},
  journal={Physical Review Fluids},
  volume={1},
  number={6},
  pages={064201},
  year={2016},
  publisher={APS}
}

@article{fan2011theory,
  title={Theory for shear-induced segregation of dense granular mixtures},
  author={Fan, Y. and Hill, K. M.},
  journal={New journal of physics},
  volume={13},
  number={9},
  pages={095009},
  year={2011},
  publisher={IOP Publishing}
}

@article{fan2014modelling,
  title={Modelling size segregation of granular materials: the roles of segregation, advection and diffusion},
  author={Fan, Yi and Schlick, Conor P and Umbanhowar, Paul B and Ottino, Julio M and Lueptow, Richard M},
  journal={Journal of Fluid Mechanics},
  volume={741},
  pages={252--279},
  year={2014},
  publisher={Cambridge Univ Press}
}

@article{faug2015standing,
  title={Standing jumps in shallow granular flows down smooth inclines},
  author={Faug, T. and Childs, P. and Wyburn, E. and Einav, I.},
  journal={Physics of Fluids},
  volume={27},
  number={7},
  pages={073304},
  year={2015},
  publisher={AIP Publishing}
}


@article{forterre2003long,
  title={Long-surface-wave instability in dense granular flows},
  author={Forterre, Y. and Pouliquen, O.},
  journal={Journal of Fluid Mechanics},
  volume={486},
  pages={21--50},
  year={2003},
  publisher={Cambridge Univ Press}
}


@article{gajjar2016asymmetric,
  title={Asymmetric breaking size-segregation waves in dense granular free-surface flows},
  author={Gajjar, P. and van der Vaart, K. and Thornton, A. R.  and Johnson, C. G. and Ancey, C. and Gray, J. M. N. T.},
  journal={Journal of Fluid Mechanics},
  volume={794},
  pages={460--505},
  year={2016},
  publisher={Cambridge Univ Press}
}

@article {george2014depth,
	author = {George, D. L. and Iverson, R. M.},
	title = {A depth-averaged debris-flow model that includes the effects of evolving dilatancy. II. Numerical predictions and experimental tests},
	volume = {470},
	number = {2170},
	year = {2014},
	doi = {10.1098/rspa.2013.0820},
	publisher = {The Royal Society},
	issn = {1364-5021},
	URL = {http://rspa.royalsocietypublishing.org/content/470/2170/20130820},
	eprint = {http://rspa.royalsocietypublishing.org/content/470/2170/20130820.full.pdf},
	journal = {Proceedings of the Royal Society of London A: Mathematical, Physical and Engineering Sciences}
}

@article{gillemot2017shear,
  title={Shear-driven segregation of dry granular materials with different friction coefficients},
  author={Gillemot, K. A and Somfai, E. and B{\"o}rzs{\"o}nyi, T.},
  journal={Soft matter},
  volume={13},
  number={2},
  pages={415--420},
  year={2017},
  publisher={Royal Society of Chemistry}
}


@article{goujon2007bidisperse,
  title={Bidisperse granular avalanches on inclined planes: A rich variety of behaviors},
  author={Goujon, C. and Dalloz-Dubrujeaud, B. and Thomas, N.},
  journal={The European Physical Journal E},
  volume={23},
  number={2},
  pages={199--215},
  year={2007},
  publisher={Springer}
}

@article{goldhirsch2010stress,
  title={Stress, stress asymmetry and couple stress: from discrete particles to continuous fields},
  author={Goldhirsch, I.},
  journal={Granular Matter},
  volume={12},
  number={3},
  pages={239--252},
  year={2010},
  publisher={Springer}
}

@article{gray1997pattern,
author="Gray, J.M.N.T.
and Hutter, K.",
title="Pattern formation in granular avalanches",
journal="Continuum Mechanics and Thermodynamics",
year="1997",
volume="9",
number="6",
pages="341--345",
issn="1432-0959",
doi="10.1007/s001610050075",
url="http://dx.doi.org/10.1007/s001610050075"
}

@article{gray2003shock,
  title={Shock waves, dead zones and particle-free regions in rapid granular free-surface flows},
  author={Gray, J. M. N. T. and Tai, Y.-C. and Noelle, S.},
  journal={Journal of Fluid Mechanics},
  volume={491},
  pages={161--181},
  year={2003},
  publisher={Cambridge Univ Press}
}

@article {gray2005theory,
	author = {Gray, J. M. N. T. and Thornton, A. R. },
	title = {A theory for particle size segregation in shallow granular free-surface flows},
	volume = {461},
	number = {2057},
	pages = {1447--1473},
	year = {2005},
	doi = {10.1098/rspa.2004.1420},
	publisher = {The Royal Society},
	issn = {1364-5021},
	journal = {Proceedings of the Royal Society of London A: Mathematical, Physical and Engineering Sciences}
}

@article{gray2006particle,
  title={Particle-size segregation and diffusive remixing in shallow granular avalanches},
  author={Gray, J. M. N. T . and Chugunov, V. A. },
  journal={Journal of Fluid Mechanics},
  volume={569},
  pages={365--398},
  year={2006},
  publisher={Cambridge Univ Press}
}

@inproceedings{gray2006time,
  title={Time-dependent solutions for particle-size segregation in shallow granular avalanches},
  author={Gray, J. M. N. T. and Shearer, M. and Thornton, A. R.},
  booktitle={Proceedings of the Royal Society of London A: Mathematical, Physical and Engineering Sciences},
  volume={462},
  number={2067},
  pages={947--972},
  year={2006},
  organization={The Royal Society}
}

@article{gray2009segregation,
  title={Segregation, recirculation and deposition of coarse particles near two-dimensional avalanche fronts},
  author={Gray, J. M. N. T. and Ancey, C.},
  journal={Journal of Fluid Mechanics},
  volume={629},
  pages={387--423},
  year={2009},
  publisher={Cambridge University Press}
}

@article{gray2010large,
  title={Large particle segregation, transport and accumulation in granular free-surface flows},
  author={Gray, J. M. N. T. and Kokelaar, B. P.},
  journal={Journal of Fluid Mechanics},
  volume={652},
  pages={105--137},
  year={2010},
  publisher={Cambridge University Press}
}

@article{gray2010erratum,
  title={Large particle segregation, transport and accumulation in granular free-surface flows--erratum},
  author={Gray, J. M. N. T.  and Kokelaar, B. P. },
  journal={Journal of Fluid Mechanics},
  volume={657},
  pages={539--539},
  year={2010},
  publisher={Cambridge Univ Press}
}

@article{gray2011multi,
  title={Multi-component particle-size segregation in shallow granular avalanches},
  author={Gray, J. M. N. T. and Ancey, C.},
  journal={Journal of Fluid Mechanics},
  volume={678},
  pages={535--588},
  year={2011},
  publisher={Cambridge University Press}
}

@article{gray2014depth,
  title={A depth-averaged-rheology for shallow granular free-surface flows},
  author={Gray, J. M. N. T. and Edwards, A. N.},
  journal={Journal of Fluid Mechanics},
  volume={755},
  pages={503--534},
  year={2014},
  publisher={Cambridge Univ Press}
}

@article{gray2015particle,
  title={Particle-size segregation in dense granular avalanches},
  author={Gray, J. M. N. T. and Gajjar, P. and Kokelaar, P.},
  journal={Comptes Rendus Physique},
  volume={16},
  number={1},
  pages={73--85},
  year={2015},
  publisher={Elsevier}
}

@article{haas2015effects,
  title={Effects of debris flow composition on runout, depositional mechanisms, and deposit morphology in laboratory experiments},
  author={Haas, T. and Braat, L. and Leuven, J. R. F. W. and Lokhorst, I. R. and Kleinhans, M. G.},
  journal={Journal of Geophysical Research: Earth Surface},
  volume={120},
  number={9},
  pages={1949--1972},
  year={2015},
  publisher={Wiley Online Library}
}

@article{harten1983upstream,
  title={On upstream differencing and {G}odunov-type schemes for hyperbolic conservation laws},
  author={Harten, A. and Lax, P. D. and Leer, B. van},
  journal={SIAM review},
  volume={25},
  number={1},
  pages={35--61},
  year={1983},
  publisher={SIAM}
}

@article{hill2014segregation,
  title={Segregation in dense sheared flows: gravity, temperature gradients, and stress partitioning},
  author={Hill, K.M. and Tan, D. S.},
  journal={Journal of Fluid Mechanics},
  volume={756},
  pages={54--88},
  year={2014},
  publisher={Cambridge Univ Press}
}

@article{hill2016granular,
  title={Granular Temperature and Segregation in Dense Sheared Particulate Mixtures},
  author={Hill, K. M. and Fan, Y.},
  journal={KONA Powder and Particle Journal},
  volume={33},
  number={0},
  pages={150--168},
  year={2016},
  publisher={公益財団法人 ホソカワ粉体工学振興財団}
}

@article{hogg2004effects,
  title={The effects of hydraulic resistance on dam-break and other shallow inertial flows},
  author={Hogg, Andrew J and Pritchard, David},
  journal={Journal of Fluid Mechanics},
  volume={501},
  pages={179--212},
  year={2004},
  publisher={Cambridge Univ Press}
}

@article{hpgem,
author = {L. Pesch and A. Bell and W.E.H. Sollie and V.R. Ambati and O. Bokhove and J.J.W. van der Vegt},
title = {{hpGEM --- A software framework for discontinuous Galerkin finite element methods}},
journal = {ACM Transactions on Mathematical Software},
volume = {33(4)},
year = {2007},
URL = {http://hpgem.org}
}

@article{iverson1993friction,
  title={Friction in debris flows: Inferences from large-scale flume experiments},
  author={Iverson, R. M. and LaHusen, R. G.},
  journal={American Society of Civil Engineers (Ed.), Hydraulic Engineering},
  volume={93},
  year={1993}
}

@article{iverson1997physics,
  title={The physics of debris flows},
  author={Iverson, R. M. },
  journal={Reviews of geophysics},
  volume={35},
  number={3},
  pages={245--296},
  year={1997},
  publisher={Wiley Online Library}
}

@article{iverson2001new,
  title={New views of granular mass flows},
  author={Iverson, R. M. and Vallance, J. W.},
  journal={Geology},
  volume={29},
  number={2},
  pages={115--118},
  year={2001},
  publisher={Geological Society of America}
}

@inproceedings{iverson2003debris,
  title={The debris-flow rheology myth},
  author={Iverson, Richard M},
  booktitle={Debris flow Mechanics and Mitigation Conference, Mills Press, Davos},
  pages={303--314},
  year={2003}
}

@article{iverson2010perfect,
  title={The perfect debris flow? Aggregated results from 28 large-scale experiments},
  author={Iverson, R. M. and Logan, M. and LaHusen, R. G. and Berti, M.},
  journal={Journal of Geophysical Research: Earth Surface},
  volume={115},
  number={F3},
  year={2010},
  publisher={Wiley Online Library}
}

@article{johnson2012grain,
  title={Grain-size segregation and levee formation in geophysical mass flows},
  author={Johnson, C. G. and Kokelaar, B. P. and Iverson, R. M. and Logan, M. and LaHusen, R. G. and Gray, J. M. N. T.},
  journal={Journal of Geophysical Research: Earth Surface},
  volume={117},
  number={F1},
  year={2012},
  publisher={Wiley Online Library}
}

@article{jop2005crucial,
  title={Crucial role of sidewalls in granular surface flows: consequences for the rheology},
  author={Jop, P. and Forterre, Y. and Pouliquen, O.},
  journal={Journal of Fluid Mechanics},
  volume={541},
  pages={167--192},
  year={2005},
  publisher={Cambridge University Press}
}



@article{kesserwani2008application,
  title={Application of a second-order {R}unge--{K}utta discontinuous {G}alerkin scheme for the shallow water equations with source terms},
  author={Kesserwani, G. and Ghostine, R. and Vazquez, J. and Ghenaim, A. and Mos{\'e}, R.},
  journal={International journal for numerical methods in fluids},
  volume={56},
  number={7},
  pages={805--821},
  year={2008},
  publisher={Wiley Online Library}
}

@article{khakhar1999mixing,
author = {D. V. Khakhar and J. J. McCarthy and J. M. Ottino},
title = {Mixing and segregation of granular materials in chute flows},
journal = {Chaos: An Interdisciplinary Journal of Nonlinear Science},
volume = {9},
number = {3},
pages = {594-610},
year = {1999},
doi = {10.1063/1.166433}
}

@article{kokelaar2014fine,
  title={Fine-grained linings of leveed channels facilitate runout of granular flows},
  author={Kokelaar, B. P. and Graham, R. L. and Gray, J. M. N. T.  and Vallance, J. W.},
  journal={Earth and Planetary Science Letters},
  volume={385},
  pages={172--180},
  year={2014},
  publisher={Elsevier}
}

@article{kokelaar2017granular,
  title={Granular avalanches on the Moon: Mass-wasting conditions, processes and features},
  author={Kokelaar, B.P. and Bahia, R.S. and Joy, K.H. and Viroulet, S. and Gray, J.M.N.T.},
  journal={Journal of Geophysical Research: Planets},
  year={2017},
  publisher={Wiley Online Library}
}

@article{kowalski2013shallow,
  title={Shallow two-component gravity-driven flows with vertical variation},
  volume={714},
  DOI={10.1017/jfm.2012.489},
  journal={Journal of Fluid Mechanics},
  publisher={Cambridge University Press},
  author={Kowalski, J. and McElwaine, J. N.},
  year={2013},
  pages={434–462}
}

@article{larcher2013segregation,
  title={Segregation and mixture profiles in dense, inclined flows of two types of spheres},
  author={Larcher, M. and Jenkins, J. T.},
  journal={Physics of Fluids},
  volume={25},
  number={11},
  pages={113301},
  year={2013},
  publisher={AIP}
}

@article{larcher2015evolution,
  title={The evolution of segregation in dense inclined flows of binary mixtures of spheres},
  author={Larcher, M. and Jenkins, J. T.},
  journal={Journal of Fluid Mechanics},
  volume={782},
  pages={405--429},
  year={2015},
  publisher={Cambridge University Press}
}

@book{leveque2002finite,
  title={Finite volume methods for hyperbolic problems},
  author={LeVeque, R. J.},
  volume={31},
  year={2002},
  publisher={Cambridge university press}
}


@article{usgsVideo,
	title={Video documentation of experiments at the USGS debris-flow flume 2008},
	author={Logan, M. and Iverson, R.M.},
	year={2013},
	journal={U.S. Geological Survey Open-File Report 2007–1315 v. 1.3.},
	url={https://pubs.usgs.gov/of/2007/1315/videos/2008/2008_08_26.mp4}
}

@article{luding2008cohesive,
  title={Cohesive, frictional powders: contact models for tension},
  author={Luding, S.},
  journal={Granular matter},
  volume={10},
  number={4},
  pages={235--246},
  year={2008},
  publisher={Springer}
}

@article{marks2012grainsize,
  title={Grainsize dynamics of polydisperse granular segregation down inclined planes},
  author={Marks, B. and Rognon, P. and Einav, I.},
  journal={Journal of Fluid Mechanics},
  volume={690},
  pages={499--511},
  year={2012},
  publisher={Cambridge Univ Press}
}

@article{meng2017modeling,
  author="Meng, X. and Wang, Y. and Wang, C. and Fischer, J.-T.",
  title="Modeling of unsaturated granular flows by a two-layer approach",
  journal="Acta Geotechnica",
  year="2017",
  month="Jun",
  day="01",
  volume="12",
  number="3",
  pages="677--701",
  issn="1861-1133",
  doi="10.1007/s11440-016-0509-x",
  url="https://doi.org/10.1007/s11440-016-0509-x"
}



@article{mercury,
author = {Thornton, A. R. and Krijgsman, D. and Fransen, R. and Gonzalez, S. and  Tunuguntla, D. R.  and  Voortwis, A. ten and 
Luding, S. and Bokhove, O. and Weinhart, T.},
title = {{Mercury-DPM: Fast particle simulations in complex geometries}},
journal = {EnginSoft},
volume = {Year 10, No. 1},
year = {2013}
}

@Inbook{mercury2,
author="Weinhart, T.
and Tunuguntla, D. R.
and van Schrojenstein-Lantman, M. P.
and van der Horn, A. J.
and Denissen, I. F. C.
and Windows-Yule, C. R.
and de Jong, A. C.
and Thornton, A. R.",
title="MercuryDPM: A Fast and Flexible Particle Solver Part A: Technical Advances",
bookTitle="Proceedings of the 7th International Conference on Discrete Element Methods",
year="2017",
publisher="Springer Singapore",
address="Singapore",
pages="1353--1360",
isbn="978-981-10-1926-5",
doi="10.1007/978-981-10-1926-5_139",
url="http://dx.doi.org/10.1007/978-981-10-1926-5_139"
}

@book{middleton1970sedimentation,
    author = {Middleton, G. V.},
    howpublished = {Paperback},
    pages = {253--272},
    publisher = {The Geological Association of Canada},
    title = {{Experimental Studies Related to Problems of Flysch Sedimentation,}},
    volume = {7},
    year = {1970}
}

@article{midi2004dense,
  title={On dense granular flows},
  author={GDR-MiDi},
  journal={The European Physical Journal E},
  volume={14},
  number={4},
  pages={341--365},
  year={2004},
  publisher={Springer}
}

@phdthesis{nurijanyan2013thesis,
            author = {S. {Nurijanyan}},
         num_pages = {165},
       supervisors = {O. {Bokhove} and J. J. W. {van der Vegt}},
           funding = {STW},
           address = {Enschede},
            school = {University of Twente},
         id_number = {10.3990/1.9789036511544},
           isbn_13 = {978-90-365-1154-4},
      howpublished = {http://eprints.eemcs.utwente.nl/23720/},
          phd_type = {A},
   research_groups = {EWI-MACS: Mathematics of Computational Science},
  research_programs = {MESA-General},
             title = {Discrete and continuous Hamiltonian systems for wave modelling},
              year = {2013}
}



@article{pouliquen1999shape,
   author = {Pouliquen, O.},
   title = {On the shape of granular fronts down rough inclined planes},
   journal = {Physics of Fluids},
   year = {1999},
   volume = {11},
   number = {7}, 
   pages = {1956-1958},
   url = {http://scitation.aip.org/content/aip/journal/pof2/11/7/10.1063/1.870057},
   doi = {http://dx.doi.org/10.1063/1.870057} 
}

@article{pouliquen1999scaling,
   author = "Pouliquen, O.",
   title = "Scaling laws in granular flows down rough inclined planes",
   journal = "Physics of Fluids",
   year = "1999",
   volume = "11",
   number = "3", 
   pages = "542-548",
   url = "http://scitation.aip.org/content/aip/journal/pof2/11/3/10.1063/1.869928",
   doi = "http://dx.doi.org/10.1063/1.869928" 
}

@article{pouliquen1999segregation,
   author = "Pouliquen, O. and Vallance, J. W.",
   title = "Segregation induced instabilities of granular fronts",
   journal = "Chaos",
   year = "1999",
   volume = "9",
   number = "3", 
   pages = "621-630",
   url = "http://scitation.aip.org/content/aip/journal/chaos/9/3/10.1063/1.166435",
   doi = "http://dx.doi.org/10.1063/1.166435" 
}

@article{pouliquen2002friction,
author = {Pouliquen, O. and Forterre, Y.},
title = {Friction law for dense granular flows: application to the motion of a mass down a rough inclined plane},
journal = {Journal of Fluid Mechanics},
volume = {453},
month = {2},
month = {2},
year = {2002},
issn = {1469-7645},
pages = {133--151},
numpages = {19},
doi = {10.1017/S0022112001006796},
URL = {http://journals.cambridge.org/article_S0022112001006796},
}

@book{press2007numerical,
  title={Numerical recipes 3rd edition: The art of scientific computing},
  author={Press, W. H.},
  year={2007},
  publisher={Cambridge university press}
}

@article{reed1973triangular,
  title={Triangular mesh methods for the neutron transport equation},
  author={Reed, W. H. and Hill, T. R.},
  journal={Los Alamos Scientific Laboratory},
  volume={Tech. Report LA-UR-73-479},
  year={1973}
}

@article{rognon2007dense,
   author = "Rognon, P. G. and Chevoir, F. and Bellot, H. and Ousset, F. and Naa{\"i}m, M. and Coussot, P.",
   title = "Rheology of dense snow flows: Inferences from steady state chute-flow experiments",
   journal = "Journal of Rheology",
   year = "2008",
   volume = "52",
   number = "3", 
   pages = "729-748",
   url = "http://scitation.aip.org/content/sor/journal/jor2/52/3/10.1122/1.2897609",
   doi = "http://dx.doi.org/10.1122/1.2897609" 
}

@article{saingier2016front,
  title={On the front shape of an inertial granular flow down a rough incline},
  author={Saingier, G and Deboeuf, S and Lagr{\'e}e, P-Y},
  journal={Physics of Fluids},
  volume={28},
  number={5},
  pages={053302},
  year={2016},
  publisher={AIP Publishing}
}


@article{savage1988particle,
  title={Particle size segregation in inclined chute flow of dry cohesionless granular solids},
  author={Savage, S. B.  and Lun, C. K. K.},
  journal={Journal of Fluid Mechanics},
  volume={189},
  pages={311--335},
  year={1988},
  publisher={Cambridge University Press}
}

@article{savage1989motion,
  title={The motion of a finite mass of granular material down a rough incline},
  author={Savage, S. B. and Hutter, K.},
  journal={Journal of fluid mechanics},
  volume={199},
  pages={177--215},
  year={1989},
  publisher={Cambridge University Press}
}

@article{schlick2016continuum,
  title={A continuum approach for predicting segregation in flowing polydisperse granular materials},
  author={Schlick, C. P. and Isner, A. B. and Freireich, B. J and Fan, Y. and Umbanhowar, P. B. and Ottino, J. M. and Lueptow, R. M.},
  journal={Journal of Fluid Mechanics},
  volume={797},
  pages={95--109},
  year={2016},
  publisher={Cambridge Univ Press}
}

@article{shu2013brief,
  title={A brief survey on discontinuous {G}alerkin methods in computational fluid dynamics},
  author={Shu, C. W. },
  journal={Advances in Mechanics, v43},
  pages={541--554},
  year={2013}
}

@article{silbert2001granular,
  title={Granular flow down an inclined plane: {B}agnold scaling and rheology},
  author={Silbert, L. E. and Erta{\c{s}}, D. and Grest, G. S. and Halsey, T. C. and Levine, D. and Plimpton, S. J.},
  journal={Physical Review E},
  volume={64},
  number={5},
  pages={051302},
  year={2001},
  publisher={APS}
}

@article{silbert2003granular,
  title={Granular flow down a rough inclined plane: transition between thin and thick piles},
  author={Silbert, L. E. and Landry, J. W. and Grest, G. S.},
  journal={Physics of Fluids},
  volume={15},
  number={1},
  pages={1--10},
  year={2003},
  publisher={AIP}
}


@article{staron2014segregation,
  title={Segregation time-scale in bi-disperse granular flows},
  author={Staron, L. and Phillips, J. C.},
  journal={Physics of Fluids},
  volume={26},
  number={3},
  pages={033302},
  year={2014},
  publisher={AIP Publishing}
}

@article{staron2015large,
  title={How large grains increase bulk friction in bi-disperse granular chute flows},
  author={Staron, L. and Phillips, J. C},
  journal={Computational Particle Mechanics},
  pages={1--6},
  year={2015},
  publisher={Springer}
}

@article{staron2015stress,
  title = {Stress partition and microstructure in size-segregating granular flows},
  author = {Staron, L. and Phillips, J. C.},
  journal = {Phys. Rev. E},
  volume = {92},
  issue = {2},
  pages = {022210},
  numpages = {8},
  year = {2015},
  month = {Aug},
  publisher = {American Physical Society},
  doi = {10.1103/PhysRevE.92.022210},
  url = {https://link.aps.org/doi/10.1103/PhysRevE.92.022210}
}

@article{takagi2011shallow,
  title = {Shallow granular flows},
  author = {Takagi, D. and McElwaine, J. N. and Huppert, H. E.},
  journal = {Phys. Rev. E},
  volume = {83},
  issue = {3},
  pages = {031306},
  numpages = {10},
  year = {2011},
  month = {Mar},
  publisher = {American Physical Society},
  doi = {10.1103/PhysRevE.83.031306},
  url = {https://link.aps.org/doi/10.1103/PhysRevE.83.031306}
}

@article{takahashi1992routing,
  title={Routing debris flows with particle segregation},
  author={Takahashi, T. and Nakagawa, H. and Harada, T. and Yamashiki, Y.},
  journal={Journal of Hydraulic Engineering},
  volume={118},
  number={11},
  pages={1490--1507},
  year={1992},
  publisher={American Society of Civil Engineers}
}

@book{takahashi2014debris,
  title={Debris Flow: Mechanics, Prediction and Countermeasures, 2nd edition},
  author={Takahashi, T.},
  isbn={9780203576748},
  lccn={2013050615},
  url={https://books.google.nl/books?id=jSzMBQAAQBAJ},
  year={2014},
  publisher={CRC Press}
}

@article{thornton2008breaking,
  title={Breaking size segregation waves and particle recirculation in granular avalanches},
  author={Thornton, A. R. and Gray, J. M. N. T.},
  journal={Journal of Fluid Mechanics},
  volume={596},
  pages={261},
  year={2008},
  publisher={Cambridge University Press}
}

@article{thornton2006three,
  title={A three-phase mixture theory for particle size segregation in shallow granular free-surface flows},
  author={Thornton, A. R. and Gray, J. M. N. T. and Hogg, A. J.},
  journal={Journal of Fluid Mechanics},
  volume={550},
  pages={1--25},
  year={2006},
  publisher={Cambridge Univ Press}
}

@article{thornton2012modeling,
  title={Modeling of particle size segregation: calibration using the discrete particle method},
  author={Thornton, A. R. and Weinhart, T. and Luding, S. and Bokhove, O.},
  journal={International Journal of Modern Physics C},
  volume={23},
  number={08},
  pages={1240014},
  year={2012},
  publisher={World Scientific}
}

@article{thornton2012frictional,
  title={Frictional dependence of shallow-granular flows from discrete particle simulations},
  author={Thornton, A. R. and Weinhart, T. and Luding, S. and Bokhove, O.},
  journal={The European Physical Journal E},
  volume={35},
  number={12},
  pages={1--8},
  year={2012},
  publisher={Springer}
}

@article{thornton2013proceedings,
	Title = {A review of recent work on the Discrete Particle Method at the University of Twente: An introduction to the open-source package MercuryDPM},
	Author = {Thornton, A. R. and  Krijgsman, D. and Te Voortwis, A. and Ogarko, V. and  Luding, S. and Fransen, R. and Gonzalez, S. and Bokhove, O. and Imole, O. and Weinhart, T.},
	Journal = {DEM 6: Proc. 6th Int. Conf.},
	Pages = {393},
	Publisher = {Colorado School of Mines, Colorado},
	Year = {2013}}
    
@article{thornton2013mercury,
	Author = {Thornton, A. R. and Krijsgman, D. and Fransen, R. and Gonzalez, S. and Tunuguntla, D. R. and te Voortwis, A. and Luding, S. and Bokhove, O. and Weinhart, T.},
	Journal = {News. Enginesoft},
	Pages = {48-53},
	Title = {Mercury{DPM}: Fast particle simulations in complex geometries},
	Volume = {1},
	Year = {2013}}

@book{toro2013riemann,
  title={Riemann solvers and numerical methods for fluid dynamics: a practical introduction},
  author={Toro, E. F.},
  year={2013},
  publisher={Springer Science \& Business Media}
}

@article{tripathi2011rheology,
  title={Rheology of binary granular mixtures in the dense flow regime},
  author={Tripathi, A. and Khakhar, D. V.},
  journal={Physics of Fluids},
  volume={23},
  number={11},
  pages={113302},
  year={2011},
  publisher={AIP}
}

@article{tunuguntla2014mixture,
  title={A mixture theory for size and density segregation in shallow granular free-surface flows},
  author={Tunuguntla, D.R. and Bokhove, O. and Thornton, A.R.},
  journal={Journal of fluid mechanics},
  volume={749},
  pages={99--112},
  year={2014},
  publisher={Cambridge Univ Press}
}

@article{tunuguntla2016discrete,
  title={From discrete elements to continuum fields: Extension to bidisperse systems},
  author={Tunuguntla, D. R. and Thornton, A. R. and Weinhart, T.},
  journal={Computational particle mechanics},
  volume={3},
  number={3},
  pages={349--365},
  year={2016},
  publisher={Springer}
}

@article{tunuguntla2016comparing,
  title={Comparing and contrasting size-based particle segregation models},
  author={Tunuguntla, D. R. and Weinhart, T. and Thornton, A. R.},
  journal={Computational Particle Mechanics},
  pages={1--19},
  year={2016},
  publisher={Springer}
}

@inproceedings{vallance2000particle,
  title={Particle segregation in granular flows down chutes},
  author={Vallance, J. W. and Savage, S. B.},
  booktitle={IUTAM Symposium on Segregation in Granular Flows},
  pages={31--51},
  year={2000},
  organization={Springer}
}

@article{vaart2016breaking,
    title={Breaking size-segregation waves in bi-disperse granular flows},
    author={van der Vaart, K. and Thornton, A. R. and Johnson, C. G. and Weinhart, T. and Gajjar, P. and Gray, J. M. N. T. and Ancey, C.},
    year={2018},
    journal={under review with Granular Matter}
}

@article{vaart2017segregation,
  title={Segregation of large particles in dense granular flows: A granular Saffman effect?},
  author={van der Vaart, K. and van Schrojenstein Lantman, M. P. and Weinhart, T. and Luding, S. and Ancey, C. and Thornton, A. R.},
  journal={arXiv preprint arXiv:1705.06803},
  year={2017}
}

@MastersThesis{voortwis2013closure,
    author     =     {A. Te Voortwis},
    title     =     {Closure laws for granular, shallow-layer, bi-disperse flows down an inclined chute},
    school     =     {MSM Group, Univ. Twente},
    address     =     {the Netherlands},
    year     =     {2013},
    }

@Article{weinhart2012closure,
author="Weinhart, T.
and Thornton, A. R.
and Luding, S.
and Bokhove, O.",
title="Closure relations for shallow granular flows from particle simulations",
journal="Granular Matter",
year="2012",
volume="14",
number="4",
pages="531--552",
issn="1434-7636",
doi="10.1007/s10035-012-0355-y",
url="http://dx.doi.org/10.1007/s10035-012-0355-y"
}

@article{weinhart2012discrete,
  title={From discrete particles to continuum fields near a boundary},
  author={Weinhart, T. and Thornton, A. R. and Luding, S. and Bokhove, O.},
  journal={Granular Matter},
  volume={14},
  number={2},
  pages={289--294},
  year={2012},
  publisher={Springer}
}

@article{weinhart2013coarse,
author = { Weinhart, T. and Hartkamp, R. and Thornton, A. R. and Luding, S.},
title = {Coarse-grained local and objective continuum description of three-dimensional granular flows down an inclined surface},
journal = {Physics of Fluids},
volume = {25},
number = {7},
pages = {070605},
year = {2013}
}

@article{wiederseiner2011experimental,
  title={Experimental investigation into segregating granular flows down chutes},
  author={Wiederseiner, S. and Andreini, N. and {\'E}pely-Chauvin, G. and Moser, G. and Monnereau, M. and Gray, J. M. N. T. and Ancey, C.},
  journal={Physics of Fluids },
  volume={23},
  number={1},
  pages={013301},
  year={2011},
  publisher={AIP Publishing}
}

@article{woodhouse2012segregation,
author = {Woodhouse, M. J. and Thornton, A. R. and Johnson, C. G. and Kokelaar, B. P. and Gray, J. M. N. T.},
title = {Segregation-induced fingering instabilities in granular free-surface flows},
journal = {Journal of Fluid Mechanics},
volume = {709},
month = {10},
year = {2012},
issn = {1469-7645},
pages = {543--580},
numpages = {38},
doi = {10.1017/jfm.2012.348},
URL = {http://journals.cambridge.org/article_S0022112012003485},
}
