@inproceedings{ref:langel2014,
	author = {Langel, C. M. and Chow, R. and Dam, C. P. van and Rumsey, M. A. and Maniaci, D. C. and Ehrmann, R. S. and White, E. B. },
	title = {A Computational Approach to Simulating the Effects of Realistic Surface Roughness on Boundary Layer Transition},
	organization = {52nd Aerospace Sciences Meeting},
	year = {2014},
	doi = {10.2514/6.2014-0234}
}

@inproceedings{ref:langel2015,
	author = {Langel, C. M. and Chow, R. and Hurley, O. F. and Dam, C. P. van and Ehrmann, R. S. and White, E. B. and Maniaci, D. },
	title = {Analysis of the Impact of Leading Edge Surface Degradation on Wind Turbine Performance},
	organization = {AIAA SciTech, 33rd Wind Energy Symposium},
	number = {AIAA 2015-0489},
	address = {Florida, USA},
	month = {9-13 January},
	year = {2015}
}

@inproceedings{ref:maniaci2016,
	author = {Maniaci, D. and White, E. B. and Wilcox, B. and Langel, C. M. and Dam, C. P. van and Paquette, J.A.},
	title = {Experimental Measurement and CFD Model Development of Thick Wind Turbine Airfoils with Leading Edge Erosion},
	series = {Journal of Physics: Conference Series},
	organization = {The Science of Making Torque From Wind (TORQUE 2016)},
	volume = {753},
	number = {022013},
	year = {2016}
}

@inproceedings{ref:bak2018,
	author = {Bak, C. and Skrzypinski, W. and Fischer, A. and Gaunaa, M. and Bronnum, N. F. and Kruse, E. K.},
	title = {Wind tunnel tests of an airfoil with 18\% relative thickness equipped vortex generators},
	series = {Journal of Physics: Conference Series},
	organization = {The Science of Making Torque From Wind (TORQUE 2018)},
	volume = {1073},
	number = {022044},
	year = {2018}
}


@article{ref:fuglsang1998,
	author = {Fuglsang, P. and Antoniou, I. and Dahl, K.S and Madsen, H. A.},
	title = {Wind tunnel tests of the ffa-w3-241, ffa-w3-301 and naca 63-430 airfoils},
	journal = {Forskningscenter Risoe},
	year = {1998},
	number = {Risoe-R 1041(EN)},
	address = {Denmark}
}

@article{ref:vanrooij2003,
	author = {Rooij, R.P.J.O.M. van and Timmer, W.A.},
	title = {Roughness sensitivity considerations for thick rotor blade airfoils},
	journal = {Transactions of the ASME},
    month = {November},
	year = {2003},
	volume = {125}
}

@article{SU22014,
author = {Palacios, Francisco and Padron, Santiago and Tracey, Brendan and Manosalvas, David E. and Aranake, Aniket and Copeland, Sean R. and Variyar, Anil and Alonso, Juan J. and Lukaczyk, Trent W. and Lonkar, Amrita K. and Naik, Kedar R. and Economon, Thomas D.},
doi = {10.2514/6.2014-0243},
isbn = {978-1-62410-256-1},
issn = {0021-8669},
number = {January},
pages = {1--33},
title = {{Stanford University Unstructured (SU2): Analysis and Design Technology for Turbulent Flows}},
year = {2014}
}

@article{SAroughorig,
  title={Extensions of the Spalart--Allmaras turbulence model to account for wall roughness},
  author={Aupoix, B and Spalart, PR},
  journal={International Journal of Heat and Fluid Flow},
  volume={24},
  number={4},
  pages={454--462},
  year={2003},
  publisher={Elsevier}
}

@inproceedings{SSTrough,
  TITLE = {{Wall Roughness Modelling with k-w STT Model}},
  AUTHOR = {Aupoix, B.},
  BOOKTITLE = {{10th International ERCOFTAC Symposium on Engineering Turbulence Modelling and Measurements}},
  ADDRESS = {Marbella, Spain},
  YEAR = {2014},
  MONTH = Sep,
  HAL_ID = {hal-01071701},
  HAL_VERSION = {v1},
}

@book{Pope2000,
author = {Pope, S B},
publisher = {Cambridge University Press},
title = {{Turbulent Flows}},
year = {2000}
}

@article{SU2incomp2019,
  title={Simulation and adjoint-based design for variable density incompressible flows with heat transfer},
  author={Economon, Thomas D},
  journal={AIAA Journal},
  pages={1--13},
  year={2019},
  publisher={American Institute of Aeronautics and Astronautics}
}

@book{schlichting2016boundary,
  title={Boundary-layer theory},
  author={Schlichting, Hermann and Gersten, Klaus},
  year={2016},
  publisher={Springer}
}

@article{knopp2009new,
  title={A new extension for k--$\omega$ turbulence models to account for wall roughness},
  author={Knopp, Tobias and Eisfeld, Bernhard and Calvo, Javier Bartolome},
  journal={International Journal of Heat and Fluid Flow},
  volume={30},
  number={1},
  pages={54--65},
  year={2009},
  publisher={Elsevier}
}

@article{nikuradse1950laws,
  title={Laws of flow in rough pipes},
  author={Nikuradse, Johann and others},
  year={1950},
  publisher={National Advisory Committee for Aeronautics Washington}
}

@inproceedings{spalart2000trends,
  title={Trends in turbulence treatments},
  author={Spalart, Philippe},
  booktitle={Fluids 2000 Conference and Exhibit},
  pages={2306}
}
@inproceedings{spalart1992one,
  title={A one-equation turbulence model for aerodynamic flows},
  author={Spalart, Philippe and Allmaras, Steven},
  booktitle={30th aerospace sciences meeting and exhibit},
  pages={439},
  year={1992}
}

@article{braslow1958simplified,
  title={Simplified method for determination of critical height of distributed roughness particles for boundary-layer transition at Mach numbers from 0 to 5},
  author={Braslow, Albert L and Knox, Eugene C},
  year={1958}
}

@inproceedings{dirling1973method,
  title={A method for computing roughwall heat transfer rates on reentry nosetips},
  author={Dirling, Jr, R},
  booktitle={8th Thermophysics Conference},
  pages={763},
  year={1973}
}

@article{grabow1975surface,
  title={Surface Roughness Effects Nosetip Ablation Characteristics},
  author={Grabow, RM and White, CO},
  journal={AIAA Journal},
  volume={13},
  number={5},
  pages={605--609},
  year={1975}
}

@book{wilcox1998turbulence,
  title={Turbulence modeling for CFD},
  author={Wilcox, David C and others},
  volume={2},
  year={1998},
  publisher={DCW industries La Canada, CA}
}

@article{wilcox2006turbulence,
  title={Turbulence modeling for CFD. La Canada, CA: DCW Industries},
  author={Wilcox, David C},
  journal={Inc, November},
  year={2006}
}

@phdthesis{blanchard1977analyse,
  title={Analyse exp{\'e}rimentale et th{\'e}orique de la structure de la turbulence d'une couche limite sur paroi rugueuse},
  author={Blanchard, Alain},
  year={1977}
}

@article{Schepers_2018,
	doi = {10.1088/1742-6596/1037/2/022013},
	year = 2018,
	month = {jun},
	publisher = {{IOP} Publishing},
	volume = {1037},
	pages = {022013},
	author = {J.G. Schepers and K. Boorsma and N. S{\o}rensen and  Voutsinas and G Sieros and H. Rahimi and H. Heisselmann and E. Jost and T. Lutz and T. Maeder and A. Gonzalez and C. Ferreira and B. Stoevesandt and G. Barakos and N. Lampropoulos and A. Croce and J. Madsen},
	title = {Final results from the {EU} project {AVATAR}: Aerodynamic modelling of 10 {MW} wind turbines},
	journal = {Journal of Physics: Conference Series}
}

@article{baldacchino2018experimental,
  title={Experimental parameter study for passive vortex generators on a 30\% thick airfoil},
  author={Baldacchino, Daniel and Ferreira, Carlos and Tavernier, Delphine De and Timmer, WA and van Bussel, GJW},
  journal={Wind Energy},
  volume={21},
  number={9},
  pages={745--765},
  year={2018},
  publisher={Wiley Online Library}
}

@article{HERRING2019109382,
title = "The increasing importance of leading edge erosion and a review of existing protection solutions",
journal = "Renewable and Sustainable Energy Reviews",
volume = "115",
pages = "109382",
year = "2019",
issn = "1364-0321",
doi = "https://doi.org/10.1016/j.rser.2019.109382",
author = "Robbie Herring and Kirsten Dyer and Ffion Martin and Carwyn Ward",
keywords = "Wind energy, Leading edge erosion, Coatings, Tapes, Erosion shields"
}

@article{han2018effects,
  title={Effects of contamination and erosion at the leading edge of blade tip airfoils on the annual energy production of wind turbines},
  author={Han, Woobeom and Kim, Jonghwa and Kim, Bumsuk},
  journal={Renewable Energy},
  volume={115},
  pages={817--823},
  year={2018},
  publisher={Elsevier}
}

@misc{Avatarwebsite,
    author= {AVATAR},
    year  = {2017},
    title = {Avatar: Results and deliverables},
    note  = {\url{http://eera-avatar.eu/publications-results-and-links/index.html}, 
             Last accessed on 2020-02-24},
}

@article{aupoix2015sstroughness,
  title={Roughness corrections for the k--$\omega$ shear stress transport model: status and proposals},
  author={Aupoix, B},
  journal={Journal of Fluids Engineering},
  volume={137},
  number={2},
  year={2015},
  publisher={American Society of Mechanical Engineers Digital Collection}
}

@book{abbott2012theory,
  title={Theory of wing sections: including a summary of airfoil data},
  author={Abbott, Ira H and Von Doenhoff, Albert E},
  year={2012},
  publisher={Courier Corporation}
}

@article{ljungstroem1972wind,
  title={Wind tunnel investigation of simulated hoar frost on a 2-dimensional wing section with and without high lift devices},
  author={Ljungstroem, Bjorn LG},
  journal={FFA-Au-902, April},
  year={1972}
}

@inproceedings{hellsten1997extension,
  title={Extension of the k-omega-SST turbulence model for flows over rough surfaces},
  author={Hellsten, Antti and Laine, Seppo},
  booktitle={22nd Atmospheric Flight Mechanics Conference},
  pages={3577},
  year={1997}
}

@article{McClain,
    author = {McClain, Stephen T. and Collins, S. Patrick and Hodge, B. Keith and Bons, Jeffrey P.},
    title = "{The Importance of the Mean Elevation in Predicting Skin Friction for Flow Over Closely Packed Surface Roughness}",
    journal = {Journal of Fluids Engineering},
    volume = {128},
    number = {3},
    pages = {579-586},
    year = {2005},
    month = {10}
}

@article{sareen2014effects,
  title={Effects of leading edge erosion on wind turbine blade performance},
  author={Sareen, Agrim and Sapre, Chinmay A and Selig, Michael S},
  journal={Wind Energy},
  volume={17},
  number={10},
  pages={1531--1542},
  year={2014},
  publisher={Wiley Online Library}
}

@article{flack2014roughness,
  title={Roughness effects on wall-bounded turbulent flows},
  author={Flack, Karen A and Schultz, Michael P},
  journal={Physics of Fluids},
  volume={26},
  number={10},
  pages={101305},
  year={2014},
  publisher={American Institute of Physics}
}

@article{flack2010review,
  title={Review of hydraulic roughness scales in the fully rough regime},
  author={Flack, Karen A and Schultz, Michael P},
  journal={Journal of Fluids Engineering},
  volume={132},
  number={4},
  year={2010},
  publisher={American Society of Mechanical Engineers Digital Collection}
}

@article{forooghi2017,
  title={Toward a universal roughness correlation},
  author={Forooghi, Pourya and Stroh, Alexander and Magagnato, Franco and Jakirli{\'c}, Suad and Frohnapfel, Bettina},
  journal={Journal of Fluids Engineering},
  volume={139},
  number={12},
  year={2017},
  publisher={American Society of Mechanical Engineers Digital Collection}
}

@article{flack2020skin,
  title={Skin Friction Measurements of Systematically-Varied Roughness: Probing the Role of Roughness Amplitude and Skewness},
  author={Flack, KA and Schultz, MP and Barros, JM},
  journal={Flow, Turbulence and Combustion},
  volume={104},
  number={2},
  pages={317--329},
  year={2020},
  publisher={Springer}
}

@techreport{danberg1988analysis,
  title={Analysis of turbulent boundary-layer over rough surfaces with application to projectile aerodynamics},
  author={Danberg, James E and Sigal, Asher},
  year={1988},
  institution={Army Ballistic Research Lab Aberdeen Proving Ground MD}
}

@article{van2002analysis,
  title={Analysis and experiments on three-dimensional, irregular surface roughness},
  author={Van Rij, Jennifer A and Belnap, BJ and Ligrani, PM},
  journal={J. Fluids Eng.},
  volume={124},
  number={3},
  pages={671--677},
  year={2002}
}

@article{timmer2003summary,
  title={Summary of the Delft University wind turbine dedicated airfoils},
  author={Timmer, WA and Van Rooij, RPJOM},
  journal={J. Sol. Energy Eng.},
  volume={125},
  number={4},
  pages={488--496},
  year={2003}
}

@misc{rfoil_orig,
title = {Modification of the boundary layer calculation in RFOIL for improved airfoil stall prediction},
author = {Van Rooij, R.P.J.O.M.},
place = {Netherlands},
year = {1996},
month = {Sep}
}

@article{olsen2020improved,
  title={Improved roughness model for turbulent flow in 2D viscous-inviscid panel methods},
  author={Olsen, Anders Sm{\ae}rup and Ramos-Garc{\'\i}a, N{\'e}stor and Bak, Christian},
  journal={Wind Energy},
  volume={23},
  number={3},
  pages={608--616},
  year={2020},
  publisher={Wiley Online Library}
}

@techreport{drela1986two,
  title={Two-dimensional transonic aerodynamic design and analysis using the Euler equations},
  author={Drela, Mark},
  year={1986},
  institution={Cambridge, Mass.: Gas Turbine Laboratory, Massachusetts Institute of Technology}
}

@techreport{ehrmann2017effect,
  title={Effect of Surface Roughness on Wind Turbine Performance.},
  author={Ehrmann, Robert S and Wilcox, Benjamin and White, Edward B and Maniaci, David Charles},
  year={2017},
  institution={Sandia National Lab.(SNL-NM), Albuquerque, NM (United States)}
}

@techreport{langel2017rans,
  title={RANS Based Methodology for Predicting the Influence of Leading Edge Erosion on Airfoil Performance},
  author={Langel, Christopher M and Chow, Raymond and Van Dam, CP and Maniaci, David Charles},
  year={2017},
  institution={Sandia National Lab.(SNL-NM), Albuquerque, NM (United States)}
}

@inproceedings{koodly2020implementation,
  title={Implementation of a pressure based incompressible flow solver in SU2 for wind turbine applications},
  author={Koodly Ravishankara, Akshay and Ozdemir, Huseyin and van der Weide, Edwin},
  booktitle={AIAA Scitech 2020 Forum},
  pages={0992},
  year={2020}
}

@Inbook{Ozdemir2020,
author="{\"O}zdemir, H{\"u}seyin",
editor="Stoevesandt, Bernhard and Schepers, Gerard and Fuglsang, Peter and Yuping, Sun",
title="Interacting Boundary Layer Methods and Applications",
bookTitle="Handbook of Wind Energy Aerodynamics",
year="2020",
publisher="Springer International Publishing",
address="Cham",
pages="1--53",
isbn="978-3-030-05455-7"
}

@article{menter2006transition,
  title={Transition modelling for general purpose CFD codes},
  author={Menter, FR and Langtry, R and V{\"o}lker, S},
  journal={Flow, turbulence and combustion},
  volume={77},
  number={1-4},
  pages={277--303},
  year={2006},
  publisher={Springer}
}

@article{Ravishankara_2020,
	doi = {10.1088/1742-6596/1618/5/052031},
	url = {https://doi.org/10.1088%2F1742-6596%2F1618%2F5%2F052031},
	year = 2020,
	month = {sep},
	publisher = {{IOP} Publishing},
	volume = {1618},
	pages = {052031},
	author = {A K Ravishankara and I Bakhmet and H Özdemir},
	title = {Estimation of roughness effects on wind turbine blades with vortex generators},
	journal = {Journal of Physics: Conference Series}
}

     

@article{Ravishankara_2021,
title = {Analysis of leading edge erosion effects on turbulent flow over airfoils},
author = {{Koodly Ravishankara}, Akshay and Huseyin {\"O}zdemir and {van der Weide}, Edwin},
year = {2021},
month = {jul},
doi = {10.1016/j.renene.2021.03.021},
volume = {172},
pages = {765--779},
journal = {Renewable energy},
issn = {0960-1481},
publisher = {Elsevier}
}
