@inproceedings{Baldacchino_VG,
author={Baldacchino, D.},
title={Experimental investigation of low profile vortex generators in a boundary layer wind tunnel},
booktitle={AVATAR, Task 3.1: Models for flow devices and flow control},
year={2015},
}

@phdthesis{drelaphdthesis,
  author       = {Drela, M.}, 
  title        = {Two-dimensional transonic aerodynamic design and analysis using the Euler equations},
  school       = {Massachusetts Institute of Technology},
  year         = 1986,
}

@article{delftvg,
author = {De Tavernier, Delphine and Baldacchino, Daniel and Ferreira, Carlos},
title = {An integral boundary layer engineering model for vortex generators implemented in XFOIL},
journal = {Wind Energy},
volume = {21},
number = {10},
pages = {906-921},
keywords = {integral boundary layer, separation control, source term, vortex generator, Xfoil},
doi = {10.1002/we.2204}
}

@article{BCtransition,
author = {Samet Caka Cakmakcioglu and Onur Bas and Unver Kaynak},
title ={A correlation-based algebraic transition model},
journal = {Proceedings of the Institution of Mechanical Engineers, Part C: Journal of Mechanical Engineering Science},
volume = {232},
number = {21},
pages = {3915-3929},
year = {2018},
}

@article{Schubauer1960,
author = {Schubauer, G B and Spangenberg, W G},
journal = {Journal of Fluid Mechanics},
number = {1},
publisher = {Cambridge University Press},
title = {{Forced mixing in boundary layers}},
volume = {8},
year = {1960}
}
@article{Florentie2017,
author = {Florentie, Liesbeth and van Zuijlen, Alexander H. and Hulshoff, Steven J. and Bijl, Hester},
journal = {AIAA Journal},
number = {4},
pages = {1373--1384},
title = {{Effectiveness of Side Force Models for Flow Simulations Downstream of Vortex Generators}},
url = {https://arc.aiaa.org/doi/10.2514/1.J055268},
volume = {55},
year = {2017}
}
@article{lin2002review,
  title={Review of research on low-profile vortex generators to control boundary-layer separation},
  author={Lin, John C},
  journal={Progress in Aerospace Sciences},
  volume={38},
  number={4-5},
  pages={389--420},
  year={2002},
  publisher={Elsevier}
}

@book{WindtunnelDTUold,
  title    = "Wind tunnel tests of the FFA-W3-241, FFA-W3-301 and NACA 63-430 airfoils",
  author   = "P. Fuglsang and I. Antoniou and K.S. Dahl and {Aagaard Madsen}, Helge",
  year     = "1998",
  isbn     = "87-550-2377-0",
}

@article{Baldacchino2015,
author = {Baldacchino, D.},
pages = {20},
title = {{Experimental investigation of low-profile vortex generators in a boundary layer wind tunnel}},
year = {2015}
}

@book{Fuglsang1998,
number = {December},
pages = {1--163},
title = {{Wind tunnel tests of the FFA-W3-241, FFA-W3-301 and NACA 63-430 airfoils}},
volume = {1041},
year = {1998}
}

@ARTICLE{Schetz,
   author = {{Schetz}, J.~A.},
    title = "{Boundary layer analysis}",
  journal = {NASA STI/Recon Technical Report A},
  year = 1993,
   volume = 93
}

@inproceedings{ozdemir2017unsteady,
  title={Unsteady Interacting Boundary Layer Method},
  author={{\"O}zdemir, H{\"u}seyin and van Garrel, Arne and Koodly Ravishankara, Akshay and Passalacqua, Federico and Seubers, Henk},
  booktitle={35th Wind Energy Symposium},
  pages={2003},
  year={2017}
}

@incollection{drela1989xfoil,
  title={XFOIL: An analysis and design system for low Reynolds number airfoils},
  author={Drela, Mark},
  booktitle={Low Reynolds number aerodynamics},
  pages={1--12},
  year={1989},
  publisher={Springer}
}

@phdthesis{Rebello1973,
author = {Rebello, M R},
school = {California Institute of Technology},
title = {{Analytical and Experimental Investigation of a turbulent mixing layer of different gases in a pressure gradient}},
year = {1973}
}

@incollection{Konig,
author = {Konig, O and Schuluter, J and Fiedler, H E},
booktitle = {Progress in Fluid Flow Research: Turbulence and Applied MHD},
publisher = {AIAA},
title = {{Turbulent Mixing Layer in Adverse Pressure Gradient}}
}

@article{Cutler1993,
author = {Cutler, A D and Bradshaw, P},
journal = {Experiments in Fluids},
title = {{Strong vortex/boundary layer interactions Part II}},
year = {1993}
}

@article{Cutler1993a,
author = {Cutler, A D and Bradshaw, P},
journal = {Experiments in Fluids},
title = {{Strong vortex/boundary layer interactions Part I}},
year = {1993}
}

@article{sabin1965analytical,
  title={An analytical and experimental study of the plane, incompressible, turbulent free-shear layer with arbitrary velocity ratio and pressure gradient},
  author={Sabin, Cullen Milo},
  journal={Journal of Basic Engineering},
  volume={87},
  number={2},
  pages={421--428},
  year={1965},
  publisher={American Society of Mechanical Engineers}
}

@book{Antoniou1998,
author = {Antoniou, I and Dahl, D S and Madsen., H A},
title = {{Wind tunnel tests of the FFA-W3-241, FFA-W3-301 and NACA 63-430 airfoils}},
year = {1998}
}

@inproceedings{Fernandez2012,
author = {Fernandez, U and Velte, C M and Rethore, P-E. and S{\o}rensen, N N},
publisher = {The science of making torque from wind},
title = {{Self similarity and helical symmetry in vortex generator flow simulations}},
year = {2012}
}

@book{pope_2000, 
place={Cambridge}, 
title={Turbulent Flows}, 
publisher={Cambridge University Press}, 
author={Pope, Stephen B.}, 
year={2000}
}

@article{Bender1999,
author = {Bender, E E and Anderson, B H and Yagle, P J},
journal = {American Scoiety of Mechanical Engineers},
number = {FEDSM99-6929},
title = {{“Vortex Generator Modeling for Navier–Stokes codes,}},
year = {1999}
}

@book{burton2011wind,
  title={Wind energy handbook},
  author={Burton, Tony and Jenkins, Nick and Sharpe, David and Bossanyi, Ervin},
  year={2011},
  publisher={John Wiley \& Sons}
}

@conference{RFOIL1,
	author       = {G. Ramanujam and H. \"{O}zdemir and H.W.M. Hoeijmakers}, 
	title        = {Improving airfoil drag prediction},
	year         = 2016,
	organization = {AIAA SciTech 2016},
	publisher    = {AIAA}, 
}

@conference{SU2main,
	author       = {F. Palacios and M. R. Colono and et al}, 
	title        = {Stanford {U}niversity {U}nstructured ({$SU^2$}): An open-source integrated computational environment for multi-physics simulation and design.},
	year         = 2013,
	organization = {51st AIAA Aerospace Sciences Meeting},
	publisher    = {AIAA}, 
}

@inproceedings{Flatplateexp2004,
  title={Source Term Model for Vortex Generator Vanes in a Navier-stokes Computer Code},
  author={Kenrick A. Waithef},
  year={2004}
}

@Article{Matsushita,
author = {Matsushita, M. and Murata, S. and Akamatsu, T.},
title = {Studies on Boundary-Layer Separation in Unsteady Flows Using an Itegral Method},
journal = {Journal of Fluid Mechanics},
year = {1984},
volume = {149},
pages = {477-501}
}


@inbook{vgpaper,
author = {Akshay Koodly Ravishankara and H{\"u}seyin {\"O}zdemir and Andrea Franco},
title = {Towards a Vortex Generator Model for Integral Boundary Layer Methods},
booktitle = {AIAA Scitech 2019 Forum},
chapter = {},
pages = {},
doi = {10.2514/6.2019-0803}
}

@article{bender1999vortex,
  title={Vortex generator modeling for Navier-Stokes codes},
  author={Bender, Erich E and Anderson, Bernard H and Yagle, Patrick J},
  journal={ASME Paper FEDSM99-6919},
  year={1999}
}

@article{jbaymodel,
author = {Jirasek, Adam},
title = {Vortex-Generator Model and Its Application to Flow Control},
journal = {Journal of Aircraft},
volume = {42},
number = {6},
pages = {1486-1491},
year = {2005}
}


@inproceedings{comparisondtu,
title = {Comparison of four different models of vortex generators},
author = {U. Fernandez and Pierre-Elouan R{\'e}thor{\'e} and S{\o}rensen, {Niels N.} and Velte, {Clara Marika} and Frederik Zahle and E. Egusquiza},
year = {2012},
language = {English},
booktitle = {Proceedings of EWEA 2012 - European Wind Energy Conference \& Exhibition},
publisher = {European Wind Energy Association (EWEA)},
note = {EWEA 2012 - European Wind Energy Conference \&amp; Exhibition, EWEC 2012 ; Conference date: 16-04-2012 Through 19-04-2012}
}

@techreport{swafford1979cf,
  title={Calculation of Skin Friction in Two-Dimensional, Transonic, Turbulent Flow},
  author={Swafford, TW},
  year={1979},
  institution={ARO INC ARNOLD AFS TN}
}
