@inproceedings{Ramanujam2016,
author = {Ramanujam, G and {\"{O}}zdemir, H and Hoeijmakers, H W M},
publisher = {AIAA},
title = {{Improving airfoil drag prediction}},
year = {2016}
}

@book{Moukalled,
author = {Moukalled, F and Mangani, L and Darwish, M},
title = {{Fluid Mechanics and Its Applications The Finite Volume Method in Computational Fluid Dynamics An Advanced Introduction with OpenFOAM{\textregistered} and Matlab{\textregistered}}}
}

@book{Ferziger2002,
author = {Ferziger, Joel H. and Peri{\'{c}}, M and Peric, Milovan},
booktitle = {Vasa},
doi = {10.1016/S0898-1221(03)90046-0},
edition = {Third},
isbn = {3540420746},
issn = {08981221},
pages = {423},
pmid = {12569372},
publisher = {Springer},
title = {{Computational Methods for Fluid Dynamics}},
year = {2002}
}

@inproceedings{Kwak2003,
author = {Kwak, D and Kiris, C},
publisher = {AIAA},
title = {{Success and Challenges in Incompressible Flow Simulation.}},
year = {2003}
}


@book{Pope2000,
author = {Pope, S B},
publisher = {Cambridge University Press},
title = {{Turbulent Flows}},
year = {2000}
}

@book{Wilcox1994,
author = {Wilcox, D C},
publisher = {DCW Industries, Incorporated},
title = {{Turbulence Modeling for CFD}},
year = {1994}
}

@phdthesis{Tom2014,
author = {Economon, Thomas D.},
title = {{Optimal shape design using an unsteady continuous adjoint approach}},
year = {2014},
school = {Stanford University}
}

@book{Lyon2014,
author = {Lyon, H.M.},
booktitle = {Aircraft Engineering and Aerospace Technology},
doi = {10.1108/eb029898},
file = {:home/akshay/literature/books/2017{\_}Book{\_}Boundary-LayerTheory.pdf:pdf},
isbn = {9783662529171},
issn = {0002-2667},
number = {2},
pages = {32--36},
title = {{Boundary Layer Theory}},
volume = {7},
year = {2014}
}


@article{SU22013,
author = {Duraisamy, Karthikeyan and Copeland, Sean and Economon, Thomas and Colonno, Michael and Aranake, Aniket and Taylor, Thomas and Lukaczyk, Trent and Palacios, Francisco and Lonkar, Amrita and Hicken, Jason and Alonso, Juan and Campos, Alejandro},
doi = {10.2514/6.2013-287},
isbn = {978-1-62410-181-6},
number = {January},
pages = {1--60},
title = {{Stanford University Unstructured (SU2): An open-source integrated computational environment for multi-physics simulation and design}},
year = {2013}
}

@inproceedings{FPalacios.MRColonoetal2013,
author = {{F Palacios. M R Colono et al}},
file = {:home/akshay/literature/FVM{\_}Incomp/AIAA{\_}2013-0287.pdf:pdf},
publisher = {AIAA},
title = {{Stanford University Unstructured (SU{\^{}}2): An open-source integrated computational environment for multi-physics simulation and design.}},
year = {2013}
}


@article{SU22014,
author = {Palacios, Francisco and Padron, Santiago and Tracey, Brendan and Manosalvas, David E. and Aranake, Aniket and Copeland, Sean R. and Variyar, Anil and Alonso, Juan J. and Lukaczyk, Trent W. and Lonkar, Amrita K. and Naik, Kedar R. and Economon, Thomas D.},
doi = {10.2514/6.2014-0243},
file = {:home/akshay/literature/FVM{\_}Incomp/AIAA{\_}2014-0243.pdf:pdf},
isbn = {978-1-62410-256-1},
issn = {0021-8669},
number = {January},
pages = {1--33},
title = {{Stanford University Unstructured (SU2): Analysis and Design Technology for Turbulent Flows}},
year = {2014}
}


@inproceedings{ozdemir2017unsteady,
  title={Unsteady Interacting Boundary Layer Method},
  author={{\"O}zdemir, H{\"u}seyin and van Garrel, Arne and Koodly Ravishankara, Akshay and Passalacqua, Federico and Seubers, Henk},
  booktitle={35th Wind Energy Symposium},
  pages={2003},
  year={2017}
}

@incollection{drela1989xfoil,
  title={XFOIL: An analysis and design system for low Reynolds number airfoils},
  author={Drela, Mark},
  booktitle={Low Reynolds number aerodynamics},
  pages={1--12},
  year={1989},
  publisher={Springer}
}

@book{katz_plotkin_2001, 
place={Cambridge}, 
edition={2}, 
series={Cambridge Aerospace Series}, 
title={Low-Speed Aerodynamics}, 
DOI={10.1017/CBO9780511810329}, 
publisher={Cambridge University Press}, 
author={Katz, Joseph and Plotkin, Allen}, 
year={2001}, 
collection={Cambridge Aerospace Series}
}

@inbook{windenergyexp,
author = {Manwell, James and Mcgowan, Jon and L Rogers, A},
year = {2006},
month = {03},
pages = {},
title = {Wind Energy Explained: Theory, Design and Application, Second Edition},
volume = {30},
journal = {Wind Engineering},
doi = {10.1260/030952406778055054}
}

@incollection{BLAZEK,
title = "Chapter 5 - Unstructured Finite Volume Schemes",
editor = "J. Blazek",
booktitle = "Computational Fluid Dynamics: Principles and Applications (Second Edition)",
publisher = "Elsevier Science",
edition = "Second Edition",
address = "Oxford",
pages = "131 - 182",
year = "2005",
author = "J. Blazek"
}

@misc{rfoil_orig,
title = {Modification of the boundary layer calculation in RFOIL for improved airfoil stall prediction},
author = {Van Rooij, R.P.J.O.M.},
place = {Netherlands},
year = {1996},
month = {Sep}
}

@inproceedings{Ramanujam2017,
  title={Improving airfoil lift prediction},
  author={Ramanujam, G. and {\"O}zdemir, H.},
  booktitle={AIAA SciTech 35th Wind Energy Symposium},
  number={AIAA-2017-1999},
  year={2017}
}

@inproceedings{doublewake,
  title={A double wake model for interacting boundary layer methods},
  author={Vaithiyanathasamy, R. and {\"O}zdemir, H. and Bedon, G. and Garrel van, A.},
  booktitle={AIAA SciTech 2018 Forum},
  pages={AIAA-2018-0516},
  year={2018}
}

@phdthesis{Gerardthesis,
author = {Schepers, J.G.},
title = {{Engineering models in wind energy aerodynamics: Development, implementation and analysis using dedicated aerodynamic measurements}},
year = {2012},
school = {Delft University of Technology}
}

@article{openfoamorig,
author = {Weller, H. G.  and Tabor ,G.  and Jasak, H.  and Fureby, C. },
title = {A tensorial approach to computational continuum mechanics using object-oriented techniques},
journal = {Computers in Physics},
volume = {12},
number = {6},
pages = {620-631},
year = {1998},
doi = {10.1063/1.168744}
}

@techreport{ellipsys1,
     title = {Basis3D - a Platform for Development of Multiblock PDE Solvers},
     author = {Michelsen, J. A.},
     year = {1992},
     number = {AFM 92-05},
     institution = {Technical University of Denmark}
}

@techreport{ellipsys2,
     title = {Block structured Multigrid solution of 2D and 3D elliptic PDE's},
     author = {Michelsen, J. A.},
     year = {1994},
     number = {AFM 94-06},
     institution = {Technical University of Denmark}
}

@Article{PorteAgel2019,
author="Port{\'e}-Agel, F. and Bastankhah, M. and Shamsoddin, S.",
title="Wind-Turbine and Wind-Farm Flows: A Review",
journal="Boundary-Layer Meteorology",
year="2019",
month="Sep",
issn="1573-1472"
}

@article{Tom2019,
  title={Simulation and adjoint-based design for variable density incompressible flows with heat transfer},
  author={Economon, T. D.},
  journal={AIAA Journal},
  pages={1--13},
  year={2019},
  publisher={American Institute of Aeronautics and Astronautics}
}

@book{hirsch1997numerical,
  title={Numerical computation of internal and external flows},
  author={Hirsch, C.},
  year={1997},
  publisher={Wiley}
}

@inproceedings{spalart1992one,
  title={A one-equation turbulence model for aerodynamic flows},
  author={Spalart, Philippe and Allmaras, Steven},
  booktitle={30th aerospace sciences meeting and exhibit},
  pages={439},
  year={1992}
}

@misc{beurskens2014history,
  title={History of wind energy, chapter 1 of: understanding wind power technology, Schaffarczyk AP},
  author={Beurskens, J},
  year={2014},
  publisher={Wiley Ltd, Chichester}
}

@article{kaldellis2011wind,
  title={The wind energy (r) evolution: A short review of a long history},
  author={Kaldellis, John K and Zafirakis, Dimitris},
  journal={Renewable energy},
  volume={36},
  number={7},
  pages={1887--1901},
  year={2011},
  publisher={Elsevier}
}

@online{rotorsize,
  author = {Statista},
  title = {Rotor diameter size of onshore wind turbines worldwide from 1990 to 2019},
  year = {2021},
  url = {https://www-statista-com.ezproxy2.utwente.nl/statistics/263901/changes-in-the-size-of-wind-turbines/},
  urldate = {2021-03-26}
}

@techreport{irenareport,
  title = {Renewable Power generation costs in 2019},
  author = {IRENA},
  year = {2020},
  institution = {International {R}enewable {E}nergy {A}gency, Abu Dhabi}
}

@inbook{bak2011aerodynamic,
title = {Aerodynamic design of wind turbine rotors},
author = {Christian Bak},
year = {2013},
series = {Woodhead Publishing Series in Energy},
number = {47},
booktitle = {Advances in wind turbine blade design and materials},
publisher = {Woodhead Publishing}
}

@phdthesis{zhangthesis,
author = {Zhang, Ye.},
title = {Wind turbine rotor aerodynamics: The IEA MEXICO rotor explained},
year = {2017},
school = {Delft University of Technology}
}

@article{porte2020wind,
  title={Wind-turbine and wind-farm flows: a review},
  author={Port{\'e}-Agel, Fernando and Bastankhah, Majid and Shamsoddin, Sina},
  journal={Boundary-Layer Meteorology},
  volume={174},
  number={1},
  pages={1--59},
  year={2020},
  publisher={Springer}
}

@Inbook{Ozdemir2020,
author={{\"O}zdemir, H{\"u}seyin},
title={Interacting Boundary Layer Methods and Applications},
bookTitle={Handbook of Wind Energy Aerodynamics},
year={2020},
publisher={Springer International Publishing},
pages={1--53}
}

@misc{awsm_arne,
title = {Development of a wind turbine aerodynamics simulation module},
author = {Van Garrel, A},
place = {Netherlands},
year = {2003},
month = {Aug}
}


@phdthesis{arne_phd,
title = "Multilevel panel method for wind turbine rotor flow simulations",
keywords = "IR-102229, METIS-319021",
author = "{van Garrel}, Arne",
year = "2016",
month = dec,
day = "14",
language = "English",
isbn = "978-90-365-4224-1",
publisher = "Universiteit Twente",
school = {University of Twente}
}

@inproceedings{sorensen1998rotor,
  title={Rotor performance predictions using a Navier-Stokes method},
  author={S{\o}rensen, N and Hansen, M},
  booktitle={1998 ASME Wind Energy Symposium},
  pages={25},
  year={1998}
}

@techreport{varela1999cfd,
  title={CFD Calculations of the Flow Around a Wind Turbine Nacelle},
  author={Varela, J and Bercebal, D},
  year={1999},
  institution={Centro de Investigaciones Energeticas Medioambientales y Tecnologicas (CIEMAT)}
}

@article{sumner2010cfd,
  title={CFD in wind energy: the virtual, multiscale wind tunnel},
  author={Sumner, Jonathon and Watters, Christophe Sibuet and Masson, Christian},
  journal={Energies},
  volume={3},
  number={5},
  pages={989--1013},
  year={2010},
  publisher={Molecular Diversity Preservation International}
}

@article{schreck2002rotational,
  title={Rotational augmentation of horizontal axis wind turbine blade aerodynamic response},
  author={Schreck, S and Robinson, M},
  journal={Wind Energy: An International Journal for Progress and Applications in Wind Power Conversion Technology},
  volume={5},
  number={2-3},
  pages={133--150},
  year={2002},
  publisher={Wiley Online Library}
}

@article{xu2002development,
  title={Development of engineering aerodynamics models using a viscous flow methodology on the NREL phase VI rotor},
  author={Xu, Guanpeng and Sankar, Lakshmi N},
  journal={Wind Energy: An International Journal for Progress and Applications in Wind Power Conversion Technology},
  volume={5},
  number={2-3},
  pages={171--183},
  year={2002},
  publisher={Wiley Online Library}
}

@article{schmitz2005parallelized,
  title={A parallelized coupled Navier-Stokes/vortex-panel solver},
  author={Schmitz, Sven and Chattot, Jean-Jacques},
  year={2005}
}

@techreport{duque2000numerical,
  title={Numerical predictions of wind turbine power and aerodynamic loads for the NREL phase II combined experiment rotor},
  author={Duque, Earl P and Johnson, Wayne and van Dam, CP and Cortes, Regina and Yee, Karen},
  year={2000},
  institution={NASA Moffett Field CA AMES Reserach}
}

@article{rajagopalan1985finite,
  title={Finite difference model for vertical axis wind turbines},
  author={Rajagopalan, R Ganesh and Fanucci, Jerome B},
  journal={Journal of Propulsion and Power},
  volume={1},
  number={6},
  pages={432--436},
  year={1985}
}

@phdthesis{aagaard1982actuator,
  title={The Actuator cylinder: A flow model for vertical axis wind turbines},
  author={Aagaard Madsen, H},
  year={1982},
  school={Aalborg University Centre, Denmark}
}

@article{sorensonal,
    author = {S{\o}rensen, J  and Shen, W },
    title = "{Numerical Modeling of Wind Turbine Wakes }",
    journal = {Journal of Fluids Engineering},
    volume = {124},
    number = {2},
    pages = {393-399},
    year = {2002},
    month = {05},
    issn = {0098-2202},
    doi = {10.1115/1.1471361}
}

@article{snelreview,
author = {Snel, Herman},
title = {Review of Aerodynamics for Wind Turbines},
journal = {Wind Energy},
volume = {6},
number = {3},
pages = {203-211},
keywords = {wind energy, turbines, aerodynamics, wind tunnel experiments, CFD},
year = {2003}
}

@article{sandresereview,
author = {Sanderse, B. and van der Pijl, S.P. and Koren, B.},
title = {Review of computational fluid dynamics for wind turbine wake aerodynamics},
journal = {Wind Energy},
volume = {14},
number = {7},
pages = {799-819},
keywords = {wind energy, wake aerodynamics, CFD, turbulence modeling, rotor modeling},
year = {2011}
}


@article{stevensreview,
title = "Flow Structure and Turbulence in Wind Farms",
keywords = "METIS-321493, IR-103391",
author = "Stevens, {Richard Johannes Antonius Maria} and Charles Meneveau",
year = "2017",
language = "English",
volume = "49",
pages = "311--339",
journal = "Annual review of fluid mechanics",
issn = "0066-4189",
publisher = "Annual Reviews Inc.",
number = {1}
}

@article{criticalreview,
title = {A critical review on the simulations of wind turbine aerodynamics focusing on hybrid RANS-LES methods},
journal = {Energy},
volume = {138},
pages = {257-289},
year = {2017},
issn = {0360-5442},
author = {Jesse Thé and Hesheng Yu}
}

@article{vermeer2003wind,
  title={Wind turbine wake aerodynamics},
  author={Vermeer, LJ and S{\o}rensen, Jens N{\o}rk{\ae}r and Crespo, Antonio},
  journal={Progress in aerospace sciences},
  volume={39},
  number={6-7},
  pages={467--510},
  year={2003},
  publisher={Elsevier}
}

@Article{madsenshapeopt,
AUTHOR = {Madsen, M. H. Aa. and Zahle, F. and S{\o}rensen, N. N. and Martins, J. R. R. A.},
TITLE = {Multipoint high-fidelity CFD-based aerodynamic shape optimization of a 10\,MW wind turbine},
JOURNAL = {Wind Energy Science},
VOLUME = {4},
YEAR = {2019},
NUMBER = {2},
PAGES = {163--192}
}

@article{Dhertshapeopt,
author = {Dhert, Tristan and Ashuri, Turaj and Martins, Joaquim R. R. A.},
title = {Aerodynamic shape optimization of wind turbine blades using a Reynolds-averaged Navier–Stokes model and an adjoint method},
journal = {Wind Energy},
volume = {20},
number = {5},
pages = {909-926},
keywords = {wind turbine design, aerodynamic shape optimization, computational fluid dynamics, NREL VI, numerical optimization, adjoint methods}
year = {2017}
}

@inbook{hsiehuq,
author = {Alan Hsieh and David C. Maniaci and Thomas G. Herges and Gianluca Geraci and Daniel T. Seidl and Michael S. Eldred and Myra L. Blaylock and Brent C. Houchens},
title = {Multilevel Uncertainty Quantification Using CFD and OpenFAST Simulations of the SWiFT Facility},
booktitle = {AIAA Scitech 2020 Forum}
}


@inbook{andresuq,
author = {Andres S. Padron and Juan J. Alonso and Francisco Palacios and Matthew F. Barone and Michael S. Eldred},
title = {Multi-Fidelity Uncertainty Quantification: Application to a Vertical Axis Wind Turbine Under an Extreme Gust},
booktitle = {15th AIAA/ISSMO Multidisciplinary Analysis and Optimization Conference}
}

@article{wang2016fsi,
title = {Fluid structure interaction modelling of horizontal-axis wind turbine blades based on CFD and FEA},
journal = {Journal of Wind Engineering and Industrial Aerodynamics},
volume = {158},
pages = {11-25},
year = {2016},
issn = {0167-6105},
author = {Lin Wang and Robin Quant and Athanasios Kolios}
}

@article{hsu2012fsi,
  title={Fluid--structure interaction modeling of wind turbines: simulating the full machine},
  author={Hsu, Ming-Chen and Bazilevs, Yuri},
  journal={Computational Mechanics},
  volume={50},
  number={6},
  pages={821--833},
  year={2012},
  publisher={Springer}
}

@article{airfoilfsi,
author = {Ouahiba Guerri and Aziz Hamdouni and Anas Sakout},
title ={Fluid Structure Interaction of Wind Turbine Airfoils},
journal = {Wind Engineering},
volume = {32},
number = {6},
pages = {539-557},
year = {2008}
}

@article{luolesacoust,
title = {Large-eddy simulation and wind-tunnel measurement of aerodynamics and aeroacoustics of a horizontal-axis wind turbine},
journal = {Renewable Energy},
volume = {77},
pages = {351-362},
year = {2015},
issn = {0960-1481},
author = {Kun Luo and Sanxia Zhang and Zhiying Gao and Jianwen Wang and Liru Zhang and Renyu Yuan and Jianren Fan and Kefa Cen}
}

@article{edisonacoust,
author = {Edison H Caicedo and Muhammad S Virk},
title ={Aeroacoustics response of wind turbine blade profiles in normal and icing conditions},
journal = {Wind Engineering},
volume = {42},
number = {3},
pages = {243-251},
year = {2018}
}

@online{GE,
  author = {@GErenewables},
  title = {Twitter post},
  year = {2020},
  url = {https://twitter.com/GErenewables/status/1225479567969849345},
  urldate = {2020-02-06}
}