@book{clift2005bubbles,
  title={Bubbles, drops, and particles},
  author={Weber, M. E. and Clift, R.  and Grace, J. R.},
  year={1978},
  publisher={Academic Press}
}

@article{berger2016scaling,
  title={Scaling behaviour of cohesive granular flows},
  author={Berger, N. and Az{\'e}ma, E. and Douce, J. F. and Radjai, F.},
  journal={Europhysics Letters},
  volume={112},
  number={6},
  pages={64004},
  year={2016},
  publisher={IOP Publishing}
}

@article{ad1987values,
  title={The strength and dilatancy of sands},
  author={Bolton, M.},
  journal={Geotechnique},
  volume={37},
  number={2},
  pages={219-226},
  year={1986}
}

@article{bonnoit2010mesoscopic,
  title={Mesoscopic length scale controls the rheology of dense suspensions},
  author={Bonnoit, C. and Lanuza, J. and Lindner, A. and Clement, E.},
  journal={Physical Review Letters},
  volume={105},
  number={10},
  pages={108302},
  year={2010},
  publisher={APS}
}


@article{cohen2013flow,
  title={Flow in foams and flowing foams},
  author={Cohen-Addad, S. and H{\"o}hler, R. and Pitois, O.},
  journal={Annual Review of Fluid Mechanics},
  volume={45},
  number={1},
  pages={241},
  year={2013}
}

@article{dijksman2010granular,
	Author = {Dijksman, J. A. and van Hecke, M.},
	Journal = {Soft Matter},
	Pages = {2901--2907},
	Timestamp = {2015-12-16T17:21:14Z},
	Title = {Granular flows in split-bottom geometries},
	Volume = {6},
	Year = {2010}
}

@article{fall2012shear,
  title={Shear thickening of cornstarch suspensions},
  author={Fall, A. and Bertrand, F. and Ovarlez, G. and Bonn, D.},
  journal={Journal of Rheology},
  volume={56},
  number={3},
  pages={575--591},
  year={2012},
  publisher={The Society of Rheology}
}

@article{fenistein2003kinematics,
	Author = {{Fenistein}, D. and {van Hecke}, M.},
	Journal = {Nature},
	Keywords = {<sub>c</sub>leaned<sub>1</sub>0012013,band,cell,databaseluding,ring,shear},
	Number = {6955},
	Pages = {256},
	Timestamp = {2015-12-16T17:21:28Z},
	Title = {Kinematics -- {{Wide}} shear zones in granular bulk flow},
	Volume = {425},
	Year = {2003}
}
@article{fenistein2004universal,
	Author = {{Fenistein}, D. and {van de Meent}, J. W. and {van Hecke}, M.},
	Journal = {Physical Review Letters},
	Keywords = {<sub>c</sub>leaned<sub>1</sub>0012013,band,cell,databaseluding,ring,shear},
	Pages = {94301},
	Timestamp = {2015-12-16T17:21:28Z},
	Title = {Universal and wide shear zones in granular bulk flow},
	Volume = {92},
	Year = {2004}}

@article{forterre2008flows,
	Author = {{Forterre}, Y. and {Pouliquen}, O.},
	Journal = {Annual Review of Fluid Mechanics},
	Pages = {1--24},
	Timestamp = {2015-12-16T17:21:29Z},
	Title = {Flows of {{Dense Granular Media}}},
	Volume = {40},
	Year = {2008}}

@article{gu2014rheology,
  title={Rheology of cohesive granular materials across multiple dense-flow regimes},
  author={Gu, Y. and Chialvo, S. and Sundaresan, S.},
  journal={Physical Review E},
  volume={90},
  number={3},
  pages={032206},
  year={2014},
  publisher={APS}
}
@article{huang2007viscosity,
  title={Viscosity of a dense suspension in Couette flow},
  author={Huang, N. and Bonn, D.},
  journal={Journal of Fluid Mechanics},
  volume={590},
  pages={497--507},@article{huang2005flow,
	Author = {{Huang}, N. and {Ovarlez}, G. and {Bertrand}, F. and {Rodts}, S. and {Coussot}, P. and {Bonn}, D.},
	Journal = {Physical Review Letters},
	Pages = {28301},
	Timestamp = {2015-12-16T17:21:54Z},
	Title = {Flow of wet granular materials},
	Volume = {94},
	Year = {2005}}
  year={2007},
  publisher={Cambridge Univ Press}
}


@article{henann2013predictive,
  title={A predictive, size-dependent continuum model for dense granular flows},
  author={Henann, D. L. and Kamrin, K.},
  journal={Proceedings of the National Academy of Sciences},
  volume={110},
  number={17},
  pages={6730--6735},
  year={2013},
  publisher={National Acad Sciences}
}


@article{imole2016experiments,
  title={Experiments and discrete element simulation of the dosing of cohesive powders in a simplified geometry},
  Author = {{Imole}, O. I. and {Krijgsman}, D. and {Weinhart}, T. and {Magnanimo}, V. and {Montes}, E. C. and {Ramaioli}, M. and {Luding}, S.},
  journal={Powder Technology},
  volume={287},
  pages={108--120},
  year={2016},
  publisher={Elsevier}
}

@article{jop2006constitutive,
  title={A constitutive law for dense granular flows},
  author={Jop, P. and Forterre, Y. and Pouliquen, O.},
  journal={Nature},
  volume={441},
  number={7094},
  pages={727--730},
  year={2006},
  publisher={Nature Publishing Group}
}

@article{kamrin2012nonlocal,
	Author = {{Kamrin}, K. and {Koval}, G.},
	Doi = {10.1103/PhysRevLett.108.178301},
	Journal = {Physical Review Letters},
	Keywords = {*file-import-13-06-07},
	Pages = {178301},
	Timestamp = {2015-12-16T17:22:06Z},
	Title = {Nonlocal {{Constitutive Relation}} for {{Steady Granular Flow}}},
	Volume = {108},
	Year = {2012}
}

@article{koval2009annular,
	Author = {{Koval}, G. and {Roux}, J. N. and {Corfdir}, A. and {Chevoir}, F.},
	Doi = {10.1103/PhysRevE.79.021306},
	Journal = {Physical Review E},
	Keywords = {*file-import-13-06-07},
	Pages = {21306},
	Timestamp = {2015-12-16T17:22:14Z},
	Title = {Annular shear of cohesionless granular materials: {{From}} the inertial to quasistatic regime},
	Volume = {79},
	Year = {2009}
}

@article{lemaitre2009dry,
  title={What do dry granular flows tell us about dense non-Brownian suspension rheology?},
  author={Lema{\^\i}tre, A. and Roux, J. N. and Chevoir, F.},
  journal={Rheologica Acta},
  volume={48},
  number={8},
  pages={925--942},
  year={2009},
  publisher={Springer}
}


@article{pouliquen2006flow,
  title={Flow of dense granular material: towards simple constitutive laws},
  author={Pouliquen, O. and Cassar, C. and Jop, P. and Forterre, Y. and Nicolas, M.},
  journal={Journal of Statistical Mechanics: Theory and Experiment},
  volume={2006},
  number={07},
  pages={P07020},
  year={2006},
  publisher={IOP Publishing}
}



@article{lin2015hydrodynamic,
  title={Hydrodynamic and contact contributions to continuous shear thickening in colloidal suspensions},
  author={Lin, N. Y. C. and Guy, B. M. and Hermes, M. and Ness, C. and Sun, J. and Poon, W. C. K. and Cohen, I.},
  journal={Physical Review Letters},
  volume={115},
  number={22},
  pages={228304},
  year={2015},
  publisher={APS}
}

@article{luding2008cohesive,
	Abstract = {This article is currently available as a free download on IngentaConnect},
	Author = {{Luding}, S.},
	Doi = {10.1007/s10035-008-0099-x},
	Issn = {1434-5021},
	Journal = {Granular Matter},
	Keywords = {adhesion,buckling,chain,contact,databaseluding,dem,discrete,dynamics,energy,force,friction,granular,jps,material,md,microstructure,model,molecule,paper1,piv,plastic,powder,resistance,rolling,sjnk,torsion},
	Number = {4},
	Pages = {235--246},
	Timestamp = {2015-12-16T17:22:36Z},
	Title = {Cohesive, frictional powders: contact models for tension},
	Volume = {10},
	Year = {2008},
	Bdsk-Url-1 = {http://dx.doi.org/10.1007/s10035-008-0099-x}}


@article{luding2008constitutive,
	Author = {{Luding}, S.},
	Doi = {10.1016/j.partic.2008.07.020},
	Journal = {Particuology},
	Keywords = {cell,ring,shear},
	Number = {6},
	Pages = {501--505},
	Timestamp = {2015-12-16T17:22:36Z},
	Title = {Constitutive relations for the shear band evolution in granular matter under large strain},
	Volume = {6},
	Year = {2008},
	Bdsk-Url-1 = {http://www.sciencedirect.com/science/article/pii/S1674200108001351},
	Bdsk-Url-2 = {http://dx.doi.org/10.1016/j.partic.2008.07.020}}
@article{luding2008effect,
  title={The effect of friction on wide shear bands},
  author={Luding, S.},
  journal={Particulate Science and Technology},
  volume={26},
  number={1},
  pages={33--42},
  year={2008},
  publisher={Taylor \& Francis}
}

@article{luding2011critical,
	Author = {{Luding}, S. and {Alonso-Marroquin}, F.},
	Doi = {10.1007/s10035-010-0241-4},
	Journal = {Granular Matter},
	Keywords = {*file-import-13-06-07},
	Pages = {109--119},
	Timestamp = {2015-12-16T17:22:36Z},
	Title = {The critical-state yield stress (termination locus) of adhesive powders from a single numerical experiment},
	Volume = {13},
	Year = {2011},
	Bdsk-Url-1 = {http://dx.doi.org/10.1007/s10035-010-0241-4}}


@inproceedings{luding2017particles,
  title={From particles in steady state shear bands via micro-macro to
macroscopic rheology laws},
  author={Luding, S. and Singh, A. and Roy, S. and Vescovi, D. and
Weinhart, T. and Magnanimo, V.},
  booktitle={Proceedings of the 7th International Conference on
Discrete Element Methods},
  pages={13--19},
  year={2017},
  organization={Springer}
}

@article{midi2004dense,
  title={On dense granular flows},
  author={MiDi, G. D. R.},
  journal={The European Physical Journal E},
  volume={14},
  number={4},
  pages={341--365},
  year={2004},
  publisher={Springer}
}


@article{ries2007shear,
	Author = {{Ries}, A. and {Wolf}, D. E. and {Unger}, T.},
	Journal = {Physical Review E},
	Keywords = {<sub>c</sub>leaned<sub>1</sub>0012013,cd,cell,databaseluding,shear,split,strain},
	Pages = {051301},
	Timestamp = {2015-12-16T17:23:40Z},
	Title = {Shear zones in granular media: {{Three}}-dimensional contact dynamics simulations},
	Volume = {76},
	Year = {2007}}



@article{roy2015towards,
	Author = {{Roy}, S. and {Luding}, S. and {Weinhart}, T.},
	Doi = {10.1016/j.proeng.2015.01.288},
	Journal = {Procedia Engineering},
	Pages = {1531--1538},
	Timestamp = {2015-12-16T17:23:46Z},
	Title = {Towards hydrodynamic simulations of wet particle systems},
	Volume = {102},
	Year = {2015},
	Bdsk-Url-1 = {http://dx.doi.org/10.1016/j.proeng.2015.01.288}}

@article{schollmann1999simulation,
	Author = {{Sch{\"o}llmann}, S.},
	Journal = {Physical Review E},
	Keywords = {<sub>c</sub>leaned<sub>1</sub>0012013,2d,cell,databaseluding,md,shear},
	Number = {1},
	Pages = {889--899},
	Timestamp = {2015-12-16T17:23:58Z},
	Title = {Simulation of a two-dimensional shear cell},
	Volume = {59},
	Year = {1999}}

@article{schwarze2013rheology,
	Author = {{Schwarze}, R. and {Gladkyy}, A. and {Uhlig}, F. and {Luding}, S.},
	Doi = {10.1007/s10035-013-0430-z},
	Journal = {Granular Matter},
	Number = {4},
	Pages = {455--465},
	Timestamp = {2015-12-16T17:24:00Z},
	Title = {Rheology of weakly wetted granular materials: a comparison of experimental and numerical data},
	Volume = {15},
	Year = {2013},
	Bdsk-Url-1 = {http://dx.doi.org/10.1007/s10035-013-0430-z}}

@article{singh2015contact,
	Archiveprefix = {arXiv},
	ee        = {http://arxiv.org/abs/1503.03720},
	Author = {{Singh}, A. and {Magnanimo}, V. and {Luding}, S.},
	Citeulike-Article-Id = {13747231},
	Citeulike-Linkout-0 = {http://arxiv.org/abs/1503.03720},
	Citeulike-Linkout-1 = {http://arxiv.org/pdf/1503.03720},
	Day = {12},
	Posted-At = {2015-09-03 16:57:11},
	Priority = {2},
	Timestamp = {2015-12-16T17:24:08Z},
	Title = {A contact model for sticking of adhesive mesoscopic particles},
	Year = {2015}}


@article{singh2014effect,
	Author = {{Singh}, A. and {Magnanimo}, V. and {Saitoh}, K. and {Luding}, S.},
	Doi = {10.1103/PhysRevE.90.022202},
	Journal = {Physical Review E},
	Number = {2},
	Pages = {022202},
	Timestamp = {2015-12-16T17:24:08Z},
	Title = {Effect of cohesion on shear banding in quasistatic granular materials},
	Volume = {90},
	Year = {2014},
	Bdsk-Url-1 = {http://link.aps.org/doi/10.1103/PhysRevE.90.022202},
	Bdsk-Url-2 = {http://dx.doi.org/10.1103/PhysRevE.90.022202}}



@article{singh2015role,
	Author = {{Singh}, A. and {Magnanimo}, V. and {Saitoh}, K. and {Luding}, S.},
	Citeulike-Article-Id = {13822306},
	Citeulike-Linkout-0 = {http://stacks.iop.org/1367-2630/17/i=4/a=043028},
	Journal = {New Journal of Physics},
	Keywords = {hao<sub>a</sub>dded},
	Number = {4},
	Pages = {043028},
	Posted-At = {2015-12-15 16:30:08},
	Priority = {2},
	Timestamp = {2015-12-16T17:24:08Z},
	Title = {The role of gravity or pressure and contact stiffness in granular rheology},
	Volume = {17},
	Year = {2015}}


@article{thornton2012frictional,
  title={Frictional dependence of shallow-granular flows from discrete particle simulations},
  Author = {{Thornton}, A. and {Weinhart}, T. and {Luding}, S. and {Bokhove}, O.},
  journal={The European Physical Journal E},
  volume={35},
  number={12},
  pages={1--8},
  year={2012},
  publisher={Springer}
}


@article{thornton2012modeling,
	Author = {{Thornton}, A. and {Weinhart}, T. and {Luding}, S. and {Bokhove}, O.},
	Doi = {10.1142/s0129183112400141},
	Issn = {0129-1831},
	Journal = {International Journal of Modern Physics C},
	Timestamp = {2015-12-16T17:26:22Z},
	Title = {Modeling of particle size segregation: calibration using the discrete particle method},
	Volume = {23, 124001},
	Year = {2012},
	Bdsk-Url-1 = {http://dx.doi.org/10.1142/s0129183112400141}}

@article{thornton2013multi,
  title={Multi-scale modeling of multi-component granular materials. journal computer methods in materials science},
  author={Thornton, A. and Weinhart, T. and Ogarko, V. and Luding, S.},
  journal={Computer Methods in Materials Science},
  volume={13},
  number={2},
  pages={1--16},
  year={2013}
}

@article{unger2004shear,
  title={Shear band formation in granular media as a variational problem},
  author={Unger, T. and T{\"o}r{\"o}k, J. and Kert{\'e}sz, J. and Wolf, D. E.},
  journal={Physical Review Letters},
  volume={92},
  number={21},
  pages={214301},
  year={2004},
  publisher={APS}
}

@article{wagner2009shear,
  title={Shear thickening in colloidal dispersions},
  author={Wagner, N. J. and Brady, J. F.},
  journal={Physics Today},
  volume={62},
  number={10},
  pages={27--32},
  year={2009},
  publisher={American Institute of Physics}
}


@article{wang2012microdynamic,
  title={Microdynamic analysis of solid flow in a shear cell},
  author={Wang, X. and Zhu, H. P. and Yu, A. B.},
  journal={Granular Matter},
  volume={14},
  number={3},
  pages={411--421},
  year={2012},
  publisher={Springer}
}


@article{weinhart2012from,
	Author = {{Weinhart}, T. and {Thornton}, A. and {Luding}, S. and {Bokhove}, O.},
	Doi = {10.1007/s10035-012-0317-4},
	Journal = {Granular Matter},
	Keywords = {<sub>c</sub>leaned<sub>1</sub>0012013,paper1},
	Number = {2},
	Pages = {289--294},
	Timestamp = {2015-12-16T17:25:01Z},
	Title = {From discrete particles to continuum fields near a boundary},
	Volume = {14},
	Year = {2012},
	Bdsk-Url-1 = {http://dx.doi.org/10.1007/s10035-012-0317-4}}



@article{willett2000capillary,
  title={Capillary bridges between two spherical bodies},
  author={Willett, C. D. and Adams, M. J. and Johnson, S. A. and Seville, J.},
  journal={Langmuir},
  volume={16},
  number={24},
  pages={9396--9405},
  year={2000},
  publisher={ACS Publications}
}

@article{woldhuis2009wide,
  title={Wide shear zones and the spot model: Implications from the split-bottom geometry},
  author={Woldhuis, E. and Tighe, B. P. and  Saarloos, W.},
  journal={The European Physical Journal E: Soft Matter and Biological Physics},
  volume={28},
  number={1},
  pages={73--78},
  year={2009},
  publisher={Springer}
}

@article{imole2014experiments,
	Author = {{Imole}, O I and {Krijgsman}, D and {Weinhart}, T and {Magnanimo}, V and {Montes}, E C and {Ramaioli}, M and {Luding}, S},
	Journal = {In preparation},
	Timestamp = {2015-12-16T17:21:57Z},
	Title = {Experiments and {{Discrete Element Simulation}} of the {{Dosing}} of {{Cohesive Powders}} in a {{Canister Geometry}}},
	Year = {2014}}

@article{vescovi2016merging,
  title={Merging fluid and solid granular behavior},
  author={Vescovi, D. and Luding, S.},
  journal={Soft Matter},
  volume={12},
  number={41},
  pages={8616--8628},
  year={2016},
  publisher={Royal Society of Chemistry}
}

@article{weinhart2013coarse,
  title={Coarse-grained local and objective continuum description of three-dimensional granular flows down an inclined surface},
  author={Weinhart, T. and Hartkamp, R. and Thornton, A. and Luding, S.},
  journal={Physics of Fluids},
  volume={25},
  number={7},
  pages={070605},
  year={2013},
  publisher={AIP Publishing}
}


@article{huang2005flow,
	Author = {{Huang}, N. and {Ovarlez}, G. and {Bertrand}, F. and {Rodts}, S. and {Coussot}, P. and {Bonn}, D.},
	Journal = {Physical Review Letters},
	Pages = {28301},
	Timestamp = {2015-12-16T17:21:54Z},
	Title = {Flow of wet granular materials},
	Volume = {94},
	Year = {2005}}

@article{roy2015micro,
  title={Micro--macro transition and simplified contact models for wet granular materials},
  author={Roy, S. and Singh, A. and Luding, S. and Weinhart, T.},
  journal={Computational Particle Mechanics},
  pages={449--462},
Volume = {3},
  number={4},
  year={2015},
  publisher={Springer}
}

@article{mani2012fluid,
  title={Fluid depletion in shear bands},
  author={Mani, R. and Kadau, D. and Or, D. and Herrmann, H. J.},
  journal={Physical Review Letters},
  volume={109},
  number={24},
  pages={248001},
  year={2012},
  publisher={APS}
}


@article{scheel2008liquid,
  title={Liquid distribution and cohesion in wet granular assemblies beyond the capillary bridge regime},
  author={Scheel, M. and Seemann, R. and Brinkmann, M. and Di Michiel, M. and Sheppard, A. and Herminghaus, S.},
  journal={Journal of Physics: Condensed Matter},
  volume={20},
  number={49},
  pages={494236},
  year={2008},
  publisher={IOP Publishing}
}


@article{roy2017effect,
  title={Effect of cohesion on local compaction and granulation of sheared granular materials},
  author={Roy, S. and Luding, S. and Weinhart, T.},
  journal={ European Physical Journal Web of Conferences (submitted)},
  year={2017},
}

@article{khamseh2015flow,
  title={Flow of wet granular materials: A numerical study},
  author={Khamseh, S. and Roux, J. N. and Chevoir, F.},
  journal={Physical Review E},
  volume={92},
  number={2},
  pages={022201},
  year={2015},
  publisher={APS}
}

@article{fall2015macroscopic,
  title={Macroscopic discontinuous shear thickening versus local shear jamming in cornstarch},
  author={Fall, A. and Bertrand, F. and Hautemayou, D. and Mezi{\`e}re, C. and Moucheront, P. and Lemaitre, A. and Ovarlez, G.},
  journal={Physical review letters},
  volume={114},
  number={9},
  pages={098301},
  year={2015},
  publisher={APS}
}

@article{mari2015discontinuous,
  title={Discontinuous shear thickening in Brownian suspensions by dynamic simulation},
  author={Mari, R. and Seto, R. and Morris, J. F. and Denn, M. M.},
  journal={Proceedings of the National Academy of Sciences},
  volume={112},
  number={50},
  pages={15326--15330},
  year={2015},
  publisher={National Acad Sciences}
}

@article{kumar2016memory,
Doi = {10.1007/s10035-016-0624-2},
Journal = {Granular Matter},
Volume = {18},
Number = {3},
  title={Memory of jamming--multiscale models for soft and granular matter},
  author={Kumar, N. and Luding, S.},
journal={Granular Matter},
  year={2016}
}
